1598 2540
0 0 34 114 r
119 91 174 129 IV
191 96 224 139 8,
239 95 373 138 6—-16;
393 92 428 128 V
448 96 480 136 1,
495 96 526 128 1.
548 95 568 126 2
709 90 905 127 RVDENS
1398 89 1483 131 155

183 188 268 232 PL.
282 188 408 246 Quid,
426 189 539 245 patri
559 189 690 231 etiam
710 188 974 245 gratulabor,
994 202 1126 243 quom
1145 185 1266 229 illam
1286 186 1483 228 inuenit?

911 247 998 289 TR.
1033 245 1205 289 Censeo.
1392 257 1483 288 1270

182 307 267 350 PL.
299 307 424 363 Quid,
455 308 583 350 matri
611 307 732 350 eius?
787 307 874 349 TR.
904 306 1075 349 0611560.
1131 305 1214 348 PL.
1242 305 1355 356 Quid
1380 306 1482 362 ergo

909 366 1083 408 censes?
1102 365 1190 408 TR.
1205 365 1330 416 Qu6d
1343 379 1482 422 rogas,

186 425 358 469 Censeo.
414 426 498 469 PL.
530 427 611 469 Dic
637 428 751 484 ergo,
781 426 931 482 quanti
958 426 1131 467 censes?
1188 424 1275 467 TR.
1301 424 1483 481 Egone?

906 499 1069 527 censeo.

181 545 264 588 PL.
302 534 468 588 Adsum
507 545 721 601 equidem,
764 559 817 587 ne
856 545 1099 587 censionem
1136 545 1304 599 semper
1340 543 1483 585 facias.

909 603 996 645 TR.
1034 603 1207 646 Censeo.

180 663 263 706 PL.
285 663 410 721 Quid,
435 663 471 706 51
494 664 692 706 curram?
737 663 823 705 TR.
846 662 1018 705 Censeo.
1062 662 1146 705 PL.
1166 662 1237 704 An
1256 663 1316 704 510
1336 662 1482 717 potius

903 723 1099 778 placide?
1149 722 1236 764 TR.
1266 721 1439 764 Censeo.

181 782 265 824 PL.
297 769 497 825 Etiamne
530 797 623 824 eam
655 782 886 825 adueniens
911 783 1124 824 salutem?
1186 781 1273 824 TR.
1308 780 1481 823 Censeo.

903 841 987 883 PL.
1001 841 1148 884 Etiam
1168 841 1364 896 patrem?
1390 852 1480 883 1275

181 901 271 944 TR.
305 900 477 944 0611560.
538 901 622 943 PL.
653 901 758 944 Post
789 901 880 943 61115
911 902 1123 943 matrem?
1185 900 1272 942 TR.
1308 899 1481 942 Censeo.

197 1006 209 1017 Ι
904 960 986 1002 PL.
1021 960 1133 1011 Quid
1163 961 1342 1016 postea?

179 1019 379 1062 Etiamne
399 1020 629 1062 adueniens
649 1020 909 1075 complectar
929 1019 1020 1062 61115
1039 1020 1236 1075 patrem?
1271 1019 1359 1061 TR.
1379 1019 1480 1062 Non

907 1094 1069 1122 censeo.

178 1138 262 1181 PL.
283 1138 407 1194 Quid,
425 1139 637 1181 matrem?
663 1138 751 1180 TR.
770 1137 872 1182 Non
885 1140 1048 1181 censeo.
1074 1139 1156 1180 PL.
1173 1138 1296 1193 Quid,
1310 1138 1480 1193 eampse

906 1198 1054 1240 illam?
1086 1198 1173 1240 TR.
1193 1197 1295 1241 Non
1315 1199 1479 1240 censeo.

177 1256 260 1299 PL.
292 1257 420 1313 Perii,
452 1257 655 1300 dilectum
689 1257 868 1299 dimisit:
901 1261 1014 1300 minc
1042 1273 1128 1300 non
1161 1260 1316 1313 censet,
1348 1258 1479 1312 quom

906 1318 1018 1359 uolo.

177 1375 267 1419 TR.
305 1375 442 1418 Sanus
480 1391 567 1418 non
606 1391 666 1418 es:
705 1377 893 1431 sequere.
950 1377 1032 1418 PL.
1066 1376 1160 1418 Duc
1192 1392 1277 1431 me,
1316 1376 1381 1418 1111
1408 1391 1479 1431 pa-

905 1439 1039 1491 trone,
1072 1438 1157 1491 quo
1189 1436 1321 1478 lubet.
1388 1447 1478 1479 1280

595 1687 899 1737 AOTVS
938 1688 998 1738 V

677 1811 917 1847 LABRAX

731 1873 862 1909 LENO

239 1956 344 2007 Quis
375 1958 486 1999 mest
511 1958 706 2000 mortalis
732 1958 930 2001 miserior
956 1959 1030 2014 qui
1056 1958 1178 2000 11111613
1204 1959 1313 2001 611361·
1338 1959 1478 2015 hodie,

239 2015 375 2066 Quem
425 2017 478 2058 ad
534 2017 844 2072 recuperatoris
895 2018 1022 2060 modo
1077 2018 1297 2060 damnauit
1346 2018 1478 2060 Ρ1651-

903 2077 1087 2132 dippus‘?

216 2195 318 2227 1273.
345 2193 395 2228 At
422 2203 525 2228 sume
552 2192 720 2237 quidem:
747 2205 827 2229 corr
857 2194 960 2229 Turn
989 2196 1001 2238 ΙΙ
1034 2197 1137 2229 1274.
1164 2205 1311 2229 curram
1335 2195 1390 2230 vel
1415 2206 1478 2229 cu-

122 2249 204 2274 ram
221 2241 233 2285 ΙΙ
253 2243 356 2276 1279.
382 2239 482 2276 Perii
507 2242 561 2276 vel
582 2240 667 2276 Peri
692 2243 703 2285 11
731 2244 832 2276 1281.
858 2241 1091 2277 mortalium:
1118 2253 1199 2278 cor-r
1224 2242 1323 2277 Rem
1340 2243 1351 2287 ΙΙ
1373 2246 1475 2277 1282.

120 2285 240 2328 Quem
265 2287 314 2322 ad.
338 2290 618 2333 recuperatores
644 2289 699 2324 vel
724 2287 827 2330 Quae
853 2291 972 2324 matre
993 2291 1171 2334 cuperabo
1196 2289 1247 2324 ris
1271 2291 1276 2334 1
1297 2289 1478 2335 plesidip-

122 2344 192 2378 pus
217 2335 271 2370 rel
295 2334 553 2381 pleusidippus
574 2338 584 2381 Η
