1540 2456
169 102 251 145 132
743 102 918 138 PLAVTI
1234 106 1330 144 Ptol.
1350 110 1487 143 51—79

169 197 426 239 Comoediai:
457 196 524 237 sin
554 197 701 252 odiost,
732 197 866 238 dicam
897 200 1048 254 tamen,

168 255 386 310 Siquidem
417 254 562 296 licebit
591 256 666 309 per
696 255 792 297 illos
823 256 976 310 quibus
1007 259 1070 298 est
1098 257 1144 299 fn
1174 273 1311 301 manu.

169 313 479 355 Carchedonius
509 314 684 354 uocetur
714 313 816 354 haec
847 315 1062 356 comoedia

166 372 339 412 †Latine
370 372 510 426 platus
540 372 712 425 petruos
742 371 1128 428 Pultiphagenides.

167 429 336 472 Nomen
367 430 450 470 iam
480 429 662 470 habetis:
693 433 804 470 nunc
834 430 1018 472 rationes
1048 433 1204 474 ceteras
1445 444 1488 476 55

166 487 375 542 Accipite:
405 502 503 528 nam
535 489 827 543 argumentum
858 488 939 529 hoc
968 489 1037 530 hic
1068 490 1315 532 censebitur.

167 546 304 587 Locus
334 547 623 601 argumentost
654 547 774 587 suem
805 546 946 601 sibi[s]
976 549 1282 601 proscaenium:

167 604 255 646 Vos
287 605 491 645 iuratores
523 604 639 645 estis:
671 618 824 658 quaeso
856 606 1025 658 operam
1057 605 1161 648 date.

170 662 534 718 Carthaginienses
564 662 714 703 fratres
744 663 954 716 patrueles
985 664 1066 705 duo

166 720 300 761 Fuere
331 735 494 761 summo
526 721 676 775 genere
708 723 750 761 et
780 721 954 762 summis
985 721 1196 776 d1'[ui]tiis.
1445 736 1487 766 60

167 778 328 820 Eorum
360 779 465 819 alter
495 779 616 832 uiuit,
648 779 754 819 alter
784 781 846 820 est
877 781 1099 821 emertuos.

166 836 395 891 Propterea
427 837 537 890 apud
566 851 643 877 uos
675 837 766 878 dico
798 838 1086 893 confidentius,

169 895 276 944 Quia
306 894 412 935 mshi
443 895 670 948 pollinctor
701 894 808 936 dixit
839 896 910 949 qui
943 911 1038 937 eum
1068 896 1332 950 pollinxerat.

169 952 250 994 Sed
280 952 347 994 illi
375 953 464 994 seni
496 953 568 1006 qui
599 953 808 994 mertuost
840 954 933 1007 (ei)
964 954 1080 995 fssius

166 1010 327 1052 Vnicus
359 1011 431 1065 qui
462 1011 610 1066 fuerat,
641 1011 851 1052 ebditiuos
883 1013 906 1052 a
936 1015 1066 1067 patre,
1445 1024 1488 1055 65

166 1069 277 1110 Puer
307 1069 549 1123 septuennis
580 1070 806 1124 surripitur
838 1069 1101 1126 Carthagine,

168 1127 375 1169 Sexennio
407 1127 694 1181 priusquidem
726 1142 851 1182 quam
882 1129 1061 1170 moritur
1090 1131 1219 1184 pater.
1260 1139 1263 1140 ’

168 1185 375 1235 Quoniam
405 1186 577 1239 periisse
609 1185 692 1226 ssbi
722 1186 837 1227 uidet
867 1189 1042 1241 gnatum
1073 1188 1254 1242 unicum,

170 1243 386 1285 Oom'citur
417 1244 505 1297 ipse
537 1244 581 1284 in
611 1244 806 1285 merbum
837 1259 887 1285 ex
919 1245 1191 1301 aegritudine,

167 1302 287 1343 Facit
316 1302 440 1342 sslum
471 1302 665 1343 heredem
696 1303 868 1343 fratrem
899 1304 1131 1357 patruelem
1161 1318 1298 1345 suom:
1447 1314 1488 1345 70

166 1359 261 1414 Ipse
292 1360 399 1400 abiit
430 1360 481 1400 ad
510 1359 795 1401 Acheruntem
826 1361 914 1401 sine
945 1362 1112 1403 uietico.

167 1418 244 1459 Ille
276 1418 353 1471 qus
380 1418 584 1471 surripuit
614 1421 802 1472 puerum⁷
835 1418 1089 1472 Calydonem
1121 1419 1279 1460 auehit:

165 1475 324 1517 Vendit
355 1490 450 1516 eum
481 1476 650 1517 domino
681 1476 750 1517 1110
781 1476 904 1517 diuiti
936 1477 1132 1530 quoidam
1163 1477 1262 1531 seni,

169 1533 365 1588 Cupienti
395 1533 636 1588 libererum,
668 1535 779 1575 osori
810 1535 1044 1576 mulierum.

166 1592 284 1633 Emit
314 1591 566 1645 hespitalem
597 1592 632 1632 is
663 1591 803 1632 fssium
834 1593 1060 1646 inprudens
1091 1607 1216 1634 senex
1445 1603 1488 1635 75

165 1650 348 1691 Puerum
378 1649 501 1690 sslum
532 1664 709 1704 eumque
741 1651 913 1704 adeptat
944 1651 1024 1692 sibi
1054 1666 1130 1705 pro
1162 1651 1254 1692 fsfio

166 1708 361 1762 Elimque
392 1707 587 1749 heredem
617 1708 728 1762 fecit,
760 1723 887 1762 quom
919 1709 1006 1763 ipse
1038 1709 1145 1751 obiit
1176 1709 1297 1751 diem.

166 1766 208 1808 Is
239 1766 327 1807 illic
359 1766 597 1807 adulescens
628 1766 793 1807 habitat
823 1767 867 1808 in
898 1768 1029 1808 illisce
1061 1767 1243 1809 aedibus.

165 1824 377 1866 Reuertor
407 1839 550 1866 rursus
583 1825 717 1866 denuo
751 1824 1058 1881 Cartheginem.

262 1977 316 2008 51.
345 1971 549 2007 Comediais
574 1973 734 2008 inodiosi
787 1975 798 2018 ΙΙ
852 1978 907 2009 52.
933 1974 972 2008 111
996 1976 1049 2010 vel
1072 1974 1124 2009 im
1175 1975 1186 2019 ΙΙ
1241 1978 1295 2009 53.
1321 1974 1487 2009 comedia

167 2023 221 2056 vel
246 2019 436 2067 comediae
477 2021 488 2064 ΙΙ
525 2023 579 2055 55.
605 2019 766 2054 rationes
791 2022 857 2064 (sic
879 2022 1018 2056 membr.
1049 2021 1174 2066 Twm.)
1197 2021 1252 2056 vel
1275 2019 1458 2056 orationes

169 2071 223 2102 57.
251 2066 340 2101 sibis
366 2067 419 2101 vel
444 2065 554 2100 scibis
608 2067 620 2111 ΙΙ
674 2071 728 2102 60.
756 2068 810 2102 del
835 2068 887 2102 Ra·
932 2069 944 2112 11
993 2071 1046 2103 61.
1073 2067 1168 2102 alter
1192 2068 1248 2101 est
1271 2069 1324 2102 vel
1348 2066 1442 2102 alter

168 2118 222 2148 63.
248 2113 443 2157 pollector:
468 2124 548 2148 corr
571 2125 615 2148 ex
641 2113 716 2148 Ful
739 2115 832 2148 entio
874 2115 885 2159 ΙΙ
927 2117 980 2149 64.
1008 2113 1071 2157 qui
1094 2115 1148 2149 vel
1172 2113 1231 2147 cui
1263 2113 1268 2159 Ι
1301 2114 1375 2149 add
1398 2114 1453 2149 Ac
1486 2115 1490 2160 1

169 2164 222 2195 65.
249 2160 371 2194 fuerat
394 2160 449 2194 vel
472 2159 586 2194 fuerit
615 2161 620 2205 1
655 2159 702 2194 ab
731 2159 865 2196 initiis:
891 2172 969 2196 corr
996 2161 1068 2195 Gal
1109 2161 1120 2205 ΙΙ
1163 2163 1218 2195 67.
1244 2159 1400 2195 Sexenni
1425 2171 1487 2205 op-

167 2206 268 2251 prius
294 2207 360 2250 (vel
386 2206 548 2251 obprius)
590 2208 602 2251 ΙΙ
644 2209 697 2241 68.
723 2206 876 2251 periisse
899 2208 953 2242 vel
976 2206 1112 2251 perisse
1148 2207 1160 2251 ss
1202 2206 1488 2241 69.'inmorbum

166 2254 219 2288 vel
244 2252 451 2296 improbum
486 2254 498 2298 ΙΙ
536 2256 587 2288 71.
613 2252 735 2287 habiit
758 2255 812 2288 vel
836 2253 930 2288 abiit
951 2253 956 2300 Ι
978 2253 1213 2287 acheruntem
1237 2255 1290 2288 vel
1315 2253 1488 2288 acheron-

167 2301 244 2334 tem
262 2301 273 2343 Η
294 2303 345 2333 74.
372 2299 561 2334 mulierem
579 2301 590 2344 ΙΙ
612 2303 663 2335 78.
690 2300 843 2335 aedibus
868 2301 922 2336 vel
945 2310 1008 2334 cae
1035 2299 1162 2334 diebus
1182 2301 1193 2344 ΙΙ
