1566 2502
167 96 235 132 XX
694 97 962 134 PRAEFATIO

167 191 273 232 istoc
304 191 576 244 recipiendum
613 204 693 233 esse
730 197 862 234 monet
890 193 1110 248 Seyffertus
1145 199 1219 238 aut
1245 197 1493 250 distinyuen-

169 250 264 290 dum
293 248 517 302 Optumest
548 249 632 289 iam
663 250 788 291 istuc:
819 253 952 293 morai
978 267 1006 294 e.
1026 267 1061 306 q.
1081 267 1111 295 s.
1137 252 1204 309 (cf.
1224 253 1492 309 Rud.1044).

141 324 223 342 .·-
268 307 351 347 53&
367 322 456 361 sqq.
498 305 560 359 Cf.
592 306 811 361 Seyffertus
846 309 972 351 Burs.
1002 311 1157 353 Annal.
1192 316 1216 354 t.
1246 311 1500 354 LXXXIV

160 379 204 419 p.
243 367 296 406 50
308 378 364 417 sq.
407 389 462 394 —
507 365 603 406 542.
649 365 710 418 Cf.
753 366 936 409 Bachius
970 383 1014 421 p.
1051 372 1132 410 314
1160 371 1252 412 adn.
1297 395 1351 400 —
1395 370 1492 411 555.

168 423 345 477 <quasi>
376 437 517 463 senem
543 423 615 477 qui
642 423 795 465 dixerit
821 424 1050 479 Seyffertus.
1082 442 1222 469 senem
1248 428 1320 482 qui
1345 428 1494 482 <quasi

167 482 242 534 tu>
282 481 436 522 dixerit
466 480 696 523 Schoellius.
758 483 812 524 In
840 485 1047 536 promimis
1083 486 1335 528 distinctione
1370 499 1494 539 quam

169 539 430 580 adhibuimus
459 539 546 581 sola
576 540 737 592 defendi
759 555 878 593 posse
902 543 1058 584 videtur
1083 543 1275 586 librorum
1299 544 1495 585 memoria

167 611 291 650 neque
320 598 566 639 haerendum
598 599 642 639 in
666 597 874 641 Videlicet
903 601 1017 642 verbo
1039 615 1118 654 per
1144 603 1495 655 interroyationcm

168 656 346 697 adhibito
377 655 460 697 coll.
483 656 571 697 Ter.
596 656 706 697 Eun.
727 657 788 698 II
804 661 842 713 3,
861 660 914 699 55
935 657 1068 716 (346).
1088 684 1143 689 —
1169 659 1265 702 561.
1295 659 1372 701 Ille
1404 660 1495 714 qui-

170 713 265 754 dem
314 713 453 754 hercle
503 715 595 755 trai.
638 714 813 756 Brixius
854 717 1010 758 Annal.
1046 717 1188 770 philol.
1226 721 1251 760 t.
1291 717 1500 760 CXXIII

162 786 206 825 p.
234 774 288 813 53
306 773 400 813 adn.
426 797 481 801 —
514 771 600 812 570
610 787 699 826 sqq.
735 773 867 825 Quam
896 775 1216 818 distributionem
1244 777 1388 818 horum
1410 790 1496 817 ver-

167 843 287 871 suum
320 829 541 884 Seyffertus
572 844 701 883 nuper
734 833 868 874 suasit
902 833 926 873 l.
951 846 982 874 3.
1006 846 1037 874 s.
1062 838 1187 887 neque
1215 848 1293 887 per
1327 847 1368 875 se
1398 848 1495 886 pro—

166 887 337 929 babilem
367 901 449 930 esse
471 892 669 941 putamus
700 887 792 944 (etsi
817 891 874 932 ad
895 890 1090 945 Namque
1113 895 1208 945 post
1234 892 1496 934 interstitium

165 947 363 988 sermonis
385 947 620 999 ponendum
650 951 741 1000 apte
765 949 917 1002 confert
940 949 1087 991 Pseud.
1113 951 1192 991 555
1199 964 1212 1000 ,·
1245 950 1342 992 Mil.
1367 953 1493 1001 1226,

167 1002 240 1060 al.)
271 1018 396 1057 neque
426 1006 699 1046 commendari
727 1007 874 1058 spatiis
903 1008 949 1048 in
983 1007 1060 1049 OD
1091 1009 1326 1062 conspicuis.
1381 1008 1494 1050 Nam

166 1063 212 1103 in
253 1076 441 1104 versuum
490 1063 719 1105 interstitiis
760 1068 897 1106 utrum
934 1079 1133 1118 personae
1173 1067 1229 1108 sit
1269 1080 1325 1108 an
1358 1079 1496 1108 versus

165 1121 345 1173 spatium
368 1122 414 1162 in
438 1121 502 1162 liis
527 1122 725 1163 codicibus
749 1123 924 1164 discerni
946 1123 1058 1166 nullo
1083 1125 1198 1166 modo
1214 1127 1366 1177 potest:
1390 1125 1496 1166 unde

168 1182 303 1220 nostro
335 1179 422 1220 iure
452 1180 648 1221 eiusmodi
678 1181 815 1232 spatia
843 1194 1045 1234 nusquam
1075 1183 1323 1235 respeximus
1346 1183 1393 1224 in
1421 1183 1497 1224 hac

168 1238 349 1279 editione.
388 1260 442 1268 —-—
481 1237 577 1278 579.
608 1238 824 1280 Lacunam
862 1240 1026 1293 siqnare
1063 1240 1135 1282 hoc
1174 1240 1254 1282 loco
1291 1240 1496 1282 noluimus

170 1295 253 1337 coll.
281 1295 404 1337 Poen.
430 1298 526 1336 470.
558 1320 613 1325 —
645 1295 741 1337 585.
773 1307 920 1339 SALUO
953 1296 1053 1354 (As)
1086 1299 1225 1340 minus
1254 1299 1377 1340 etiam
1397 1312 1497 1351 pro-

167 1353 296 1395 babile
338 1367 462 1406 quam
499 1364 651 1395 CREDO
684 1355 855 1406 Loewii,
895 1357 968 1397 etsi
1003 1360 1216 1409 utrumque
1251 1357 1497 1398 coniecturae

165 1413 299 1464 maqis
329 1426 453 1464 quam
478 1411 648 1453 tecturae
678 1413 847 1454 debetur.
873 1438 927 1443 —
954 1413 1050 1454 591.
1077 1413 1312 1470 (mi)1-111JJS[1*
1340 1412 1419 1469 (vel
1444 1413 1491 1470 F)

165 1471 251 1511 As:
278 1470 348 1510 ubi
366 1481 397 1510 N
417 1470 570 1511 litterae
593 1471 740 1522 species
760 1471 897 1523 fallax
922 1485 1002 1513 esse
1025 1473 1191 1523 videtur,
1216 1483 1244 1513 F
1263 1486 1354 1514 vero
1367 1472 1496 1525 plane

166 1527 371 1570 exclusum
397 1552 446 1557 —
474 1541 598 1580 neque
622 1529 731 1569 enim
761 1539 783 1569 S
815 1530 1079 1571 antecedentis
1102 1533 1223 1583 caput
1244 1534 1410 1583 superat
1432 1530 1495 1571 lit-

166 1590 253 1628 tera
285 1611 338 1614 —
370 1599 494 1638 neque
524 1596 613 1626 IPSI
650 1589 734 1627 tam
770 1587 1032 1639 improbabile
1067 1602 1191 1641 quam
1221 1586 1494 1630 Studemundo

166 1646 310 1686 visum.
345 1668 394 1673 —
435 1642 532 1684 594.
562 1643 685 1685 Duas
717 1645 891 1697 fortasse
928 1646 1109 1687 lectiones
1145 1649 1236 1687 tum
1268 1644 1343 1702 (=
1369 1645 1428 1702 P)
1460 1650 1497 1688 et

165 1705 215 1743 ut
251 1702 484 1744 coniunctas
519 1702 697 1744 exhiberi
732 1703 778 1744 in
807 1703 851 1744 A
887 1707 1019 1746 monet
1047 1703 1278 1758 Seyffertus.
1313 1729 1363 1734 —
1398 1704 1493 1746 617.

168 1761 307 1813 Neque
354 1770 514 1801 BONUM
561 1774 686 1813 neque
738 1762 905 1813 quodvis
959 1762 1199 1804 adiectivum
1253 1762 1495 1816 disyllabum

166 1819 298 1872 spatio
353 1818 571 1871 litterisque
624 1819 796 1873 sufficit,
849 1821 920 1861 sed
971 1818 1292 1876 P(ROPEMOD)1'J
1349 1821 1494 1873 optime

167 1878 354 1930 quadrat.
384 1901 442 1905 -—
474 1876 569 1918 628.
600 1876 700 1918 Non
730 1877 892 1933 <n>ego
929 1878 1012 1919 ista
1048 1879 1158 1932 apud
1195 1881 1236 1921 te
1266 1878 1348 1920 Leo
1379 1878 1492 1919 Mus.

166 1935 295 1977 Rlien.
322 1935 345 1976 l.
370 1947 400 1976 s.
426 1947 456 1975 3.
465 1948 479 1975 .·
515 1935 585 1975 ubi
616 1934 806 1976 lacunam
834 1940 931 1988 post
959 1936 1070 1990 apud
1100 1940 1141 1978 te
1170 1939 1354 1978 statuunt
1382 1935 1497 1989 Seyfl·

164 1996 295 2046 fertus
333 1993 632 2048 Vssinyiusque7
662 2006 736 2035 nos
764 1993 863 2035 Non
895 2008 972 2049 ego
991 1994 1076 2035 jsti
1107 1994 1218 2048 apud
1248 1996 1290 2035 te
1321 1994 1493 2035 cenem?

166 2053 368 2094 dicturum
403 2050 657 2092 Gelasimum
693 2052 937 2105 interrumpi
973 2053 1022 2093 ab
1052 2053 1281 2105 Ispiqnomo
1317 2052 1493 2093 arbitra—

167 2124 269 2151 mur.
310 2133 364 2139 —-—
403 2109 488 2151 632
499 2123 558 2163 sq.
589 2109 655 2151 De
693 2107 907 2165 (consilio)
946 2110 1080 2152 calido
1117 2111 1262 2163 coyitat
1294 2108 1493 2165 Goeteius,

168 2182 264 2209 caro
295 2169 333 2209 si
362 2167 618 2221 improbetur.
650 2191 704 2196 ——
737 2167 832 2210 634.
869 2167 929 2220 Cf.
956 2167 1176 2222 Seyffertus
1207 2167 1330 2209 ‘Berl
1351 2167 1492 2220 philol.

175 2226 347 2269 Wschr.5
379 2229 404 2267 t.
431 2225 507 2268 IV
522 2239 566 2278 p.
590 2228 711 2267 1126.
744 2250 797 2255 —
832 2226 927 2268 639.
963 2225 1023 2278 Cf.
1061 2225 1228 2267 Ovidius
1254 2225 1381 2267 ‘Stud
1407 2226 1492 2266 ital.

167 2285 211 2326 di
240 2284 334 2338 filol.
360 2283 421 2326 cl.’
448 2287 472 2326 t.
499 2284 559 2325 II
573 2297 617 2338 p.
643 2287 726 2325 306
734 2297 816 2337 sqq.
843 2309 895 2313 -
924 2284 1019 2326 641.
1049 2283 1109 2337 Cf.
1143 2284 1493 2327 Weissenbornius
