1598 2540
0 0 150 65 Γ

630 128 906 165 PRAEFATIO
1347 128 1451 163 XVII

89 230 287 288 ‘glossas'
320 245 371 272 ex
403 230 646 271 litterarum
679 227 828 270 ordine
860 226 1089 282 dispositas
1126 225 1392 268 seiunximus
1428 241 1452 268 a

89 290 347 347 fragmentis
371 288 517 345 paullo
543 286 837 330 uberioribus:
870 289 915 328 at
945 286 990 328 in
1021 285 1090 328 his
1116 286 1222 342 ipsis
1246 301 1334 328 non
1360 289 1452 328 erat

89 349 205 406 quod
243 364 296 391 ex
333 349 510 391 testium
547 346 795 389 nominibus
831 346 978 401 potius
1015 361 1144 401 quam
1183 345 1452 401 temporibus

87 410 206 452 locos
233 408 539 451 ordinaremus.
589 406 814 448 Praeterea
845 408 1179 447 consentaneum
1210 406 1296 447 fuit
1326 408 1376 447 ut
1407 406 1452 447 in

88 468 169 511 hac
207 468 396 510 editione
435 467 486 509 de
524 466 807 508 frustulorum
851 466 1001 507 metris
1040 465 1207 507 cautius
1247 465 1452 507 iudicare-

90 543 198 570 mus.
240 527 375 569 Velut
399 527 480 568 inc.
500 542 537 567 v.
559 526 616 567 52
643 526 754 567 ictus
779 525 1022 567 omisimus:
1053 540 1154 567 nam
1185 540 1264 581 pro
1295 523 1454 579 Corpu's

91 592 202 630 tuom
246 588 379 642 nimis
421 586 569 628 ulmeis
612 585 839 628 inscribam
880 602 901 624 »ι
935 601 956 624 *
1001 584 1261 627 Redslobius
1298 585 1325 627 1.
1358 599 1389 626 s.
1422 599 1452 626 s.

91 661 228 702 aequo
267 647 359 688 iure
395 645 624 701 proposuit
660 644 806 698 corpus
843 648 954 687 tuom
989 644 1003 699 ΙΙ
1035 645 1176 698 Viryis
1211 659 1251 687 u.
1277 645 1304 687 i.
1347 643 1453 694 Quis

89 706 195 749 talia
214 705 443 747 decernat?
457 730 513 734 —
527 705 699 759 Fraym.
716 705 801 758 fab.
821 707 912 746 cert.
931 719 966 746 v.
982 705 1036 746 13
1056 704 1200 747 collato
1217 704 1387 747 Catonis
1406 705 1455 746 dc

89 767 183 821 ayri
204 779 234 807 c.
253 779 340 820 cap.
355 767 439 807 189
460 763 711 821 (subscudes
730 762 955 820 adindito’)
975 764 1047 806 hoc
1072 765 1222 806 conicit
1236 763 1452 807 Goetzius:

90 825 363 867 „rterebratus
407 823 594 865 multum
638 824 695 865 sit
738 826 780 865 et
823 823 1054 865 subscudes
1097 823 1356 878 ad<sn>dite.
1396 848 1452 852 —

90 884 158 927 De
187 899 223 926 v.
243 885 295 926 17
317 898 401 938 sqq.
434 897 538 937 quas
564 897 613 925 ecc
638 884 864 925 editionum
895 884 1160 937 dispositione
1191 883 1452 926 exhibuimus

90 946 140 999 cf.
168 942 410 987 Skutschius
437 943 460 984 l.
481 956 512 985 s.
533 956 563 984 3.
588 957 633 996 p.
653 945 752 985 269.
781 968 835 972 -
862 942 931 985 43.
965 942 1036 985 Sic
1059 944 1272 997 discripsit
1295 942 1455 985 Schoel-

90 1004 173 1046 lius
215 1007 313 1057 post
348 1017 464 1044 serra
510 1002 619 1045 velut
666 1001 762 1044 Eho
807 1002 994 1045 claudere
1038 1004 1223 1056 potuisse
1267 1003 1454 1056 priorem

91 1063 316 1118 septenarii
350 1066 518 1116 partem
556 1075 735 1104 monens.
769 1087 824 1091 —
859 1062 956 1104 100.
996 1061 1236 1118 Scrupedae
1274 1062 1458 1116 defendit

91 1121 335 1165 Skutschius
367 1121 391 1163 l.
417 1135 448 1163 s.
475 1135 506 1163 3.
537 1136 582 1174 p.
607 1124 706 1164 269.
741 1147 795 1151 —
832 1122 916 1164 116
943 1137 1004 1176 sq.
1043 1121 1132 1164 Pro
1168 1122 1456 1177 uxorculaffit,

91 1182 201 1236 quod
238 1182 415 1235 fortasse
458 1181 623 1234 defendi
658 1194 781 1234 posse
824 1181 908 1223 coll.
948 1182 1255 1235 ‘fraterculare’
1293 1182 1455 1224 monuit

93 1240 319 1296 Seyffertus
374 1238 630 1297 (praemisso
681 1239 838 1282 Mulier
888 1239 1070 1298 es<t>:)‚
1126 1255 1237 1283 uxor
1285 1241 1456 1283 curauit

92 1299 336 1343 Redslobius
367 1299 391 1342 l.
417 1313 448 1341 3.
474 1313 505 1342 3.
536 1314 582 1353 p.
602 1303 725 1342 1219.
760 1325 813 1329 —
851 1300 946 1342 120.
985 1300 1052 1343 De
1084 1300 1262 1356 in[quit]
1297 1301 1459 1343 dubitat

93 1359 335 1415 Seyffertus‚
379 1360 489 1413 quod
528 1361 737 1401 nesciatur
772 1360 911 1413 qualis
945 1361 1098 1414 plenus
1133 1374 1274 1403 ‘tersus
1314 1361 1454 1414 fuerit.

95 1419 359 1473 Quamquam
396 1418 598 1461 ‘medium
626 1419 938 1473 praemordere'
977 1421 1049 1462 vix
1085 1424 1178 1473 apte
1215 1421 1453 1474 coniunyas.

93 1505 149 1508 —
181 1478 356 1533 Fraym.
379 1478 464 1533 fab.
491 1479 568 1520 inc.
598 1478 654 1519 42
681 1492 738 1532 sq.
772 1476 1001 1536 (nondum)
1041 1479 1162 1522 uenit
1190 1479 1455 1534 probabilius

91 1539 252 1580 videtur
276 1552 402 1592 quam
426 1537 571 1579 uenit:
602 1539 710 1580 unde
734 1542 885 1581 remoto
907 1539 1034 1581 simul
1058 1539 1177 1581 hiatu
1202 1540 1455 1593 septenarios

92 1611 176 1640 non
218 1598 405 1640 senarios
446 1597 606 1640 subesse
647 1599 918 1652 sumpsimus,
967 1613 1221 1653 quamquam
1265 1600 1313 1641 de
1356 1599 1457 1641 aliis

93 1670 249 1711 quoque
284 1657 516 1699 rationibus
547 1658 719 1711 coyitari
750 1661 891 1711 potest.
926 1683 981 1688 —
1013 1658 1123 1701 Dub.
1156 1663 1195 1701 et
1229 1672 1338 1712 susp.
1371 1657 1455 1699 XII

94 1715 202 1772 (Inc.
223 1714 392 1773 XLII)
413 1715 599 1758 Probum
620 1716 799 1759 Poenuli
823 1733 857 1760 v.
879 1721 966 1759 997
986 1722 1081 1760 ante
1105 1718 1239 1760 oculos
1264 1719 1456 1760 habuisse

93 1779 231 1818 monet
258 1775 342 1818 Leo
372 1776 420 1817 in
441 1775 679 1829 Woelfflini
709 1776 834 1819 Arcle.
863 1782 886 1819 t.
911 1777 987 1819 IX
1013 1792 1059 1831 p.
1079 1781 1161 1820 161
1192 1779 1287 1820 adn.
1301 1792 1315 1819 .·
1349 1778 1459 1832 quod

94 1835 182 1878 veri
230 1849 274 1877 eo
322 1835 504 1877 similius
552 1836 653 1889 quia
704 1836 773 1878 ille
820 1838 1208 1890 pronuntiationem
1256 1838 1457 1891 deliniens

95 1894 246 1936 ‘solius
282 1894 421 1936 Ennii
462 1895 645 1936 versum'
689 1897 927 1949 apponebat.
968 1922 1023 1925 —
1061 1895 1165 1938 XVI
1204 1895 1340 1954 (VH).
1386 1897 1456 1938 do-

94 1954 256 1996 lentem
285 1967 367 2007 pro
399 1953 609 1996 dicentem
646 1956 816 1998 coniecit
845 1955 1093 2010 Seyffertus:
1133 1957 1206 1998 ubi
1243 1956 1455 1998 dicentem

96 2016 254 2055 tutatum
285 2011 508 2055 Schoellius
537 2013 660 2056 verba
691 2016 749 2056 ad
777 2015 929 2069 Amph.
957 2018 1042 2057 640
1072 2017 1263 2069 referens.

186 2070 411 2114 Indicem
436 2073 704 2115 metricum
731 2075 902 2130 qualem
928 2075 1160 2116 adiecimus
1186 2075 1338 2117 utilem
1364 2075 1456 2116 fore

98 2131 322 2188 credimus,
348 2132 543 2187 quamvis
568 2133 705 2175 multa
732 2135 861 2175 dubia
887 2135 1104 2175 contineat
1131 2135 1261 2176 etiam
1286 2137 1456 2190 praeter

98 2205 148 2232 ea
179 2205 286 2246 quae
318 2191 363 2233 in
395 2191 581 2234 editione
612 2193 706 2247 ipsa
737 2194 978 2250 significata
1007 2219 1062 2223 —
1093 2195 1160 2235 vel
1192 2194 1338 2249 potius
1369 2209 1455 2236 non

99 2249 340 2306 significata
359 2276 415 2280 —
436 2250 516 2292 sub
541 2251 671 2293 finem
698 2253 990 2309 congessimus
1017 2268 1177 2308 quaeve
1197 2254 1242 2295 in
1261 2253 1456 2295 versibus

99 2310 396 2352 enumerandis
428 2311 551 2366 signo
584 2311 936 2368 interrogationis
962 2313 1247 2354 distinximus.
1298 2313 1455 2355 Levius

99 2371 164 2410 est
207 2369 322 2423 quod
365 2384 461 2411 eum
512 2370 557 2412 in
600 2372 794 2414 versibus
843 2371 1039 2414 iambicis
1089 2373 1455 2427 anapaesticisque

170 2444 294 2470 va'rx
314 2444 505 2472 Coronant
526 2447 587 2471 VII
1219 2449 1239 2476 b
