1572 2496
105 97 122 132 1
144 100 176 142 1,
199 99 336 132 18--43
508 93 685 130 PLAVTI
708 93 1050 129 MOSTELLARIA
1425 91 1455 133 5

44 203 45 206 ’
105 191 298 250 Augebis
327 192 417 234 ruri
448 195 685 247 numerum,
715 205 849 248 genus
879 190 1079 232 ferratile.

104 252 232 296 Nunc
263 252 364 294 dum
395 251 477 293 tibi
507 251 628 293 lubet
657 251 853 306 licetque,
884 252 999 306 pota,
1030 250 1158 305 perde
1189 263 1291 305 rem,
1408 260 1454 291 20

107 311 341 367 Cori-[impe
371 310 626 366 †[h]erilem,
657 310 970 352 adulescentem
1002 310 1243 364 optumum:

105 371 208 414 Dies
237 373 469 426 noctesque
499 369 648 425 bibite,
678 369 1055 426 pergraecaminei:

105 429 278 473 Amicas
309 430 448 485 emite,
479 429 675 472 liberate:
706 429 866 484 pascite

104 489 338 532 Parasitos:
370 489 575 532 obsonate
604 487 924 544 pollucibiliter.

106 549 292 592 Haecine
314 549 550 594 'mandauit
585 547 684 604 tl'bi,
728 562 857 604 quom
894 561 1070 604 peregre
1107 547 1207 588 hinc
1249 546 1355 602 [i]1't,
1393 561 1455 588 86-

1168 606 1280 648 nex‘?
1407 617 1452 648 25

105 667 271 711 Hocine
302 667 430 710 modo
461 667 531 709 hic
562 681 652 708 rem
684 669 875 709 miratam
907 666 1093 708 offendet
1124 665 1277 708 suam?

105 727 271 770 Hocine
303 727 406 769 boni
438 741 526 769 esse
558 726 749 768 officium
781 727 893 768 serui
926 726 1170 782 existumas,

106 786 168 830 Vt
199 787 265 829 er1‘
292 787 358 828 sui
390 788 636 842 corrumpat
666 788 709 827 et
740 800 830 827 rem
863 788 904 827 et
935 785 1108 827 fssium‘?

105 845 219 890 Nam
246 861 324 903 ego
351 846 473 888 illum
499 847 748 901 corruptum
769 845 888 901 duco,
915 860 1045 900 quom
1064 844 1132 886 his
1157 843 1282 886 factis
1301 843 1454 886 studet.

108 905 201 957 Quo
233 907 358 948 nemo
391 905 577 960 adaeque
609 905 832 947 iuuentute
864 919 915 946 ex
948 905 1064 946 omni
1095 891 1242 946 Attica
1410 914 1455 946 30

106 964 301 1007 Antehac
333 967 396 1007 est
426 964 599 1006 habitus
629 965 782 1020 parcus
813 978 890 1006 1160
921 964 1059 1021 magis
1090 964 1325 1019 continens,

105 1023 149 1067 Is
178 1027 292 1066 minc
322 1025 367 1066 in
399 1023 525 1066 aliam
556 1024 722 1079 partem
752 1024 939 1079 palmam
970 1023 1171 1079 possidet.

106 1083 280 1126 Virtute
311 1083 355 1126 id
385 1083 547 1125 factum
577 1086 653 1125 tua
685 1085 728 1125 et
757 1083 1006 1140 magisterio
1038 1086 1125 1125 tuo.

107 1142 192 1186 ΤΒ.
220 1142 332 1194 Quid
355 1142 438 1185 tibi
462 1143 623 1184 malum
648 1157 716 1184 me
740 1146 814 1184 aut
834 1142 937 1198 quid
963 1157 1041 1198 ego
1069 1157 1192 1199 agam
1218 1142 1455 1184 curatiost?

106 1202 177 1245 An
206 1203 308 1258 ruri,
340 1216 508 1258 quaeso,
538 1203 626 1244 11611
657 1205 757 1243 sunt
789 1217 895 1257 quos
927 1203 1047 1244 cures
1078 1202 1233 1244 bouis?
1410 1213 1454 1244 35

107 1262 248 1304 Lubet
277 1264 438 1318 potare,
470 1262 622 1317 amare,
654 1264 794 1303 scorta
826 1261 994 1303 ducere:

106 1321 192 1364 Mei
224 1321 335 1378 tergi
366 1321 476 1364 facio
509 1321 624 1376 haec,
654 1321 741 1362 non
773 1321 837 1363 tui
862 1321 1028 1362 fiducia.

109 1379 196 1423 GR.
231 1380 366 1432 Quam
398 1381 659 1434 confidenter
686 1380 880 1435 loquitur
909 1380 1026 1433 [fue]
1077 1379 1174 1422 APR.
1206 1379 1266 1422 At
1292 1383 1333 1422 te
1359 1378 1455 1435 hip-

1170 1441 1282 1495 piter

106 1498 248 1555 Dique
280 1500 426 1542 ό1111168
456 1498 653 1555 perdant:
685 1499 869 1554 <fusae‚>
902 1499 1106 1541 oboluisti
1139 1500 1283 1555 alium,

110 1556 320 1601 Germana
349 1559 545 1614 inluuies,
575 1559 796 1615 †rusticus,
827 1558 984 1615 hircus,
1015 1558 1118 1600 hara
1150 1559 1310 1615 sui<s>‚
1411 1570 1457 1601 40

108 1617 291 1660 *Canem
322 1633 492 1674 capram
524 1618 810 1660 commixtam.
874 1616 962 1660 GR.
996 1617 1107 1668 Quid
1138 1619 1204 1660 uis
1235 1619 1362 1661 fieri?

106 1676 208 1720 Non
238 1678 384 1720 omnes
413 1680 594 1733 possunt
625 1678 737 1720 61616
769 1681 987 1734 unguenta
1019 1678 1196 1734 exotica,

111 1734 157 1778 Si
187 1739 235 1778 tu
266 1737 371 1779 oles:
401 1751 539 1792 neque
571 1738 764 1792 superior
796 1752 923 1793 quam
955 1752 1051 1779 erus
1084 1738 1332 1780 accumbere

110 1810 1048 1837 ************

108 1853 260 1905 Neque
291 1856 379 1897 tam
409 1856 570 1911 facetis,
602 1856 730 1911 quam
762 1858 810 1898 tu
837 1857 963 1912 uiuis,
995 1856 1195 1899 uictibus.
1411 1867 1455 1898 45

204 1962 259 1994 20.
284 1958 392 1994 iubet
415 1961 468 1996 vel
491 1960 598 1996 lubet
625 1963 636 2006 Η
668 1965 722 1996 21.
750 1963 944 2007 optumum
969 1963 1023 1997 vel
1048 1961 1217 2007 optinum
1249 1963 1260 2006 ΙΙ
1293 1965 1348 1996 24.
1374 1961 1456 2006 pol-

108 2005 315 2042 lucibiliter
352 2008 417 2052 (sie
452 2009 554 2054 yloss.
587 2008 714 2044 Plaut.
747 2014 780 2047 et
806 2009 846 2044 F
843 2010 1040 2055 ulyentius)
1077 2010 1131 2045 vel
1167 2007 1409 2054 pollucibiter

109 2057 165 2090 25.
191 2056 250 2090 ut:
277 2065 358 2090 corr
381 2055 441 2090 Bo
483 2056 495 2099 ΙΙ
531 2058 586 2091 28.
611 2066 690 2091 rem
715 2057 754 2091 et
776 2058 832 2092 vel
857 2058 975 2091 semet
1010 2058 1023 2102 ΙΙ
1059 2060 1113 2093 29.
1142 2056 1236 2091 duco
1261 2057 1316 2092 vel
1341 2055 1424 2092 dico

108 2105 164 2138 31.
196 2112 331 2147 parcus
362 2103 418 2138 vel
446 2113 560 2147 pacus
590 2104 645 2139 vel
674 2115 808 2149 porcus
860 2107 864 2148 Ι
917 2103 1111 2139 continens
1145 2105 1200 2139 vel
1224 2102 1418 2139 contineas

108 2153 164 2186 34.
190 2159 275 2185 mea.
299 2151 360 2185 ut:
387 2161 468 2186 corr
493 2150 663 2186 Muretus
704 2153 716 2197 ΙΙ
758 2155 813 2187 36.
840 2151 949 2186 Iubet
972 2153 1027 2189 vel
1051 2151 1157 2186 lubet
1197 2151 1201 2198 Ι
1243 2151 1376 2187 ducere
1401 2153 1457 2188 vel

109 2196 291 2232 deducere
345 2198 357 2242 [Ι
412 2201 467 2232 38.
495 2198 552 2232 del
575 2198 645 2233 Ri:
674 2200 720 2243 ef.
747 2201 795 2234 39
849 2201 860 2244 Η
915 2203 970 2235 39.
997 2200 1072 2235 add
1099 2200 1173 2235 Goe
1203 2211 1284 2235 cum
1309 2200 1456 2235 Loewio

109 2245 198 2280 duce
222 2244 275 2280 Re·
314 2246 319 2291 1
359 2244 540 2280 oboluisti
574 2244 705 2280 allium
728 2248 782 2282 vel
807 2246 973 2281 obolusti
998 2246 1114 2281 alium
1156 2248 1168 2292 Η
1210 2250 1266 2282 40.
1293 2246 1455 2282 rusticus

106 2293 218 2328 etiam
241 2292 415 2328 Donatus
450 2295 462 2338 ΙΙ
498 2296 554 2328 41.
582 2296 691 2338 capra
716 2295 771 2329 vel
796 2305 908 2339 capra
933 2306 958 2336 n
989 2296 1000 2340 ss
1031 2298 1087 2329 42.
1115 2296 1281 2340 ungenta
1306 2295 1455 2330 Nonius

109 2343 142 2374 et
165 2339 382 2375 Priscianus
400 2342 412 2385 ΙΙ
430 2343 486 2375 43.
513 2351 626 2384 quam
651 2351 733 2375 erus
759 2343 856 2377 solus
880 2343 983 2378 habet
1008 2342 1044 2376 B
1064 2344 1075 2387 ΙΙ
1094 2345 1149 2378 44.
1177 2343 1234 2378 lae
1258 2343 1340 2389 sz'yn
1366 2342 1419 2378 Ri
1443 2343 1456 2389 [ἱ
