1540 2456
149 97 174 137 6
718 99 892 134 PLAVTI
1229 101 1247 135 I
1273 105 1303 146 1,
1322 105 1457 139 44—'11

147 191 209 231 'ru
241 191 320 232 tibi
352 192 454 233 istos
484 191 637 233 habeas
668 195 851 233 turtures
881 193 1006 247 piscis
1037 193 1168 235 aneis:
1337 207 1393 240 46.
1413 208 1456 240 47

147 248 244 290 Sine
275 263 340 290 me
371 250 504 290 aleato
535 250 654 305 fungi
684 251 873 291 fortunas
904 265 1027 292 meas.

145 306 208 347 Tu
239 307 488 360 fortunatus,
519 309 595 362 ego
628 308 769 348 miser:
799 308 999 362 patiunda
1029 311 1138 350 sunt.

147 363 267 418 [ΤΒ]
298 364 439 406 Meum
470 365 626 406 bonum
656 380 733 419 me,
765 367 805 406 te
836 369 953 407 tuom
983 367 1148 409 maneat
1177 369 1345 411 malum.
1411 380 1455 412 50

144 421 284 475 (TE.)
315 422 441 471 Quasi
472 422 657 464 inuidere
689 423 793 464 mshi
824 423 902 465 hoc
933 424 1086 480 uidere,
1117 423 1302 482 Gnimio‚

144 479 250 528 Quia
281 479 387 520 mihi
419 480 562 521 benest
592 483 633 521 et
663 480 745 521 tsbi
775 481 933 522 malest.
983 481 1338 538 dignissumumst.

143 536 273 578 Decet
302 551 368 578 me
399 553 536 579 amare
567 541 608 579 et
639 539 680 578 te
710 538 1022 595 bubulcitarier,

141 594 210 636 Me
241 594 433 636 usetitare
464 596 618 649 pulcre,
649 599 688 636 te
720 596 883 638 miseris
914 597 1058 639 modis.

143 651 229 693 GR.
261 651 295 694 Ο
327 654 653 706 carnufic<i>um
683 653 880 709 cribrum,
912 655 1023 709 quod
1054 657 1174 699 eredo
1205 658 1311 700 fore:
1409 670 1453 702 55

140 709 205 750 Ita
236 712 278 751 te
308 711 505 752 forabunt
534 711 815 765 patibulatum
844 714 920 766 per
950 714 1039 755 uias

138 767 366 823 †Stimulis,
397 770 431 809 si
462 769 542 810 huc
573 770 759 810 reueniat
790 784 925 812 senex.

138 825 222 866 TR.
255 825 335 875 Qui
365 826 456 881 sess,
487 841 539 867 an
570 827 649 868 tibi
681 828 787 868 istuc
818 829 983 870 eueniat
1012 830 1129 884 prius
1161 831 1286 885 quam
1316 832 1450 874 mihi?

139 882 225 924 GR.
281 883 386 932 Quia
434 887 660 938 numquam
708 887 858 927 merui:
913 889 958 928 tu
1007 889 1196 930 meruisti
1245 892 1286 931 et
1338 893 1449 932 mine

1172 961 1315 989 meres.

136 998 220 1039 ΤΗ.
251 998 462 1040 Orationis
493 1001 661 1054 operam
691 1001 914 1056 com-pendi
941 1003 1040 1056 face,
1406 1018 1449 1050 60

135 1056 229 1098 Nisi
261 1059 301 1097 te
332 1058 441 1098 mala
471 1072 515 1099 re
545 1059 696 1113 magna
726 1059 905 1100 mactari
931 1061 1058 1115 cupis.

137 1113 223 1155 GR.
254 1114 414 1156 Eruom
446 1115 666 1168 daturi<n>
698 1118 809 1171 estis,
840 1117 976 1159 bubus
1008 1119 1120 1172 quod
1149 1119 1281 1162 feram

134 1171 266 1213 †Data
297 1187 339 1213 es
370 1173 570 1214 inonestis
601 1175 724 1229 agite,
754 1190 879 1229 porro
910 1177 1084 1232 pergite,
1258 1187 1260 1189 '
1308 1205 1312 1207 λ

134 1229 339 1278 Quoniam
371 1232 605 1285 6ccepistis:
636 1232 838 1287 bsbi<te>,
868 1235 1208 1290 pergraeoaminj‚

133 1287 246 1343 Este,
277 1288 521 1342 ecfer<o>ite
552 1291 639 1344 u6s,
670 1291 858 1346 saginam
889 1292 1056 1334 caedite.
1403 1307 1445 1338 65

133 1344 217 1386 TR.
249 1345 354 1387 Tace
385 1348 516 1401 atque·
540 1347 609 1388 abi
640 1363 726 1390 rus:
758 1363 835 1405 ego
867 1349 926 1391 fre
958 1350 1001 1391 in
1031 1350 1224 1392 Piraeum
1254 1353 1352 1394 uolo

133 1402 182 1443 In
213 1405 432 1457 uesperum
462 1406 608 1459 parare
638 1407 844 1460 piscatum
875 1408 990 1449 mihi.

132 1460 292 1502 Eruom
323 1462 401 1502 tibi
433 1463 584 1517 aliquis
615 1465 703 1505 cras
734 1465 830 1506 faxo
862 1466 914 1506 ad
943 1466 1088 1507 uillam
1119 1467 1289 1515 adferat,

133 1518 242 1567 Quid
273 1521 346 1573 est,
378 1520 488 1573 quod
519 1523 564 1561 tu
596 1537 661 1562 me
692 1525 801 1564 minc
833 1526 1015 1578 optuere,
1045 1525 1243 1566 furcifer?

134 1575 219 1617 GR.
250 1576 328 1618 Pol
358 1577 438 1619 tsbi
469 1579 576 1619 istuc
607 1580 728 1621 credo
759 1582 910 1623 nomen
942 1584 1129 1624 actutum
1158 1582 1258 1624 fore.
1401 1595 1443 1626 ἰο

132 1633 215 1675 TR.
247 1634 359 1676 Dum
390 1636 605 1691 interea[s]
638 1638 696 1679 sie
727 1639 793 1694 sit,
824 1639 931 1680 istuc
964 1639 1181 1682 ‘actutum'
1211 1641 1314 1683 sino.

133 1690 218 1732 GR.
249 1691 337 1734 †Ita
368 1697 446 1734 est:
477 1695 547 1735 sed
578 1710 707 1737 unum
738 1696 817 1738 hoc
848 1697 969 1739 scito:
1001 1698 1130 1740 nimio
1161 1699 1335 1740 celerius

130 1749 306 1792 †Venire
338 1752 448 1804 quod
478 1753 651 1794 moleste
683 1769 807 1807 quam
838 1755 944 1796 sslud
974 1756 1086 1809 quod
1115 1757 1263 1811 cupide
1293 1759 1421 1812 petas.

130 1807 214 1848 ΤΗ.
245 1807 446 1850 Molestus
477 1825 528 1851 ne
559 1812 632 1852 sis:
662 1813 857 1854 nunciam
888 1814 914 1868 i,
944 1828 1014 1854 rus
1044 1816 1085 1855 te
1116 1815 1275 1856 amone.

222 1960 276 1991 47.
303 1957 373 1991 tibi
398 1958 535 1992 habeas
561 1959 626 1994 hos
651 1972 796 2005 yramm.
823 1962 864 1995 de
883 1963 964 1997 dub.
983 1973 1091 1998 nom:
1118 1962 1188 1997 tibi
1207 1962 1357 1998 obustos
1378 1965 1444 2008 (vel

131 2002 200 2035 abe
226 2003 329 2047 istos)
354 2004 497 2039 Servius
532 2007 543 2049 ΙΙ
583 2009 637 2040 51.
663 2007 737 2042 add
762 2007 928 2043 Muretus
967 2010 979 2053 Η
1022 2012 1076 2043 52.
1103 2008 1368 2054 dignissumfist
1390 2011 1444 2045 vel

129 2047 250 2093 dignis
277 2053 398 2084 sfimus
435 2052 446 2094 Η
477 2054 531 2085 53.
557 2051 671 2086 Decet
695 2054 760 2095 (sic
783 2054 941 2098 Nonius)
964 2056 1017 2090 vel
1040 2054 1142 2090 Licet
1173 2055 1179 2102 Ι
1211 2054 1441 2090 bubulcitare

129 2094 273 2130 Nonius
313 2097 325 2139 Η
367 2100 421 2131 55.
447 2098 520 2132 adol
544 2098 602 2143 Py
637 2100 649 2142 Η
692 2103 745 2133 62.
773 2099 940 2135 Seruum:
965 2112 1044 2136 corr
1061 2101 1098 2136 Β
1121 2112 1183 2136 ras
1214 2103 1219 2146 Ι
1251 2102 1326 2137 add
1349 2102 1407 2148 Py
1434 2102 1438 2149 Ι

127 2139 246 2174 bubus
270 2143 323 2176 vel
347 2142 463 2176 bobus
505 2145 516 2188 11
559 2147 614 2178 63.
639 2143 816 2180 inonestis
847 2148 901 2181 vel
923 2146 1126 2182 inhonestis
1166 2149 1179 2192 ΙΙ
1220 2151 1274 2182 64.
1301 2147 1441 2194 occepi-

129 2186 195 2220 stis
219 2188 272 2221 vel
297 2188 470 2232 occepisti
492 2190 496 2235 1
518 2191 592 2225 add
615 2190 670 2224 Β2
693 2193 704 2235 ΙΙ
729 2195 783 2227 65.
809 2192 956 2227 ecferite
980 2194 1034 2229 vel
1057 2193 1232 2229 ecferute:
1257 2204 1335 2229 corr
1353 2194 1405 2230 Ga
1429 2195 1442 2242 Η

130 2236 183 2267 69.
211 2233 309 2276 quod
334 2236 374 2267 tu
398 2237 450 2269 vel
480 2236 569 2279 quid
593 2238 634 2270 tu
658 2238 670 2281 ΙΙ
696 2241 747 2272 71.
775 2239 829 2273 del
854 2239 968 2274 Lamb
998 2242 1010 2284 ΙΙ
1045 2243 1097 2275 73.
1122 2239 1211 2274 illuc
1234 2241 1288 2275 vel
1312 2239 1405 2275 illud
1432 2243 1449 2287 ᾗ·

127 2278 227 2321 quod
250 2281 302 2315 vel
327 2291 397 2322 quo
425 2283 516 2322 (item
542 2294 571 2317 v.
594 2285 655 2327 76>
673 2285 684 2327 ΙΙ
1259 2315 1262 2318 -
