1566 2502
148 106 234 147 150
719 101 894 137 PLAVTI
1132 100 1221 136 Fab.
1240 100 1310 136 inc.
1329 104 1468 137 46-65

147 198 329 241 XXXIX
354 197 487 254 (LIX)
522 196 640 238 Cette
670 196 781 251 patri
812 210 917 237 meo

251 256 464 310 XL(LX)
496 255 610 296 Haec
640 268 859 309 praesepes
889 255 1033 294 meast

230 314 326 356 XLI
351 313 486 370 (LXI)
504 313 652 367 Neque
671 326 749 368 ego
770 312 822 353 ad
840 326 1027 353 mensam
1042 310 1232 365 publicas
1250 325 1316 353 res
1334 310 1468 353 clamo

979 383 1113 423 neque
1143 369 1257 424 leges
1287 383 1422 424 crepo.

210 429 326 471 XLII
353 428 507 484 (LXII)
527 429 623 469 Et
602 443 679 484 ego
699 430 740 468 te
760 427 1013 468 conculcabo
1033 429 1082 468 ut
1099 441 1170 468 sus
1189 427 1349 468 catulos
1361 441 1469 469 suos.

189 487 328 529 XLIII
354 486 531 542 (XLIII)
563 486 688 527 Hunc
718 499 953 526 sermonem
984 485 1132 526 institi.
1425 497 1468 527 50

190 545 328 587 XLIV
354 544 529 601 (LXIV)
560 544 788 598 Properate
819 542 1053 608 prandium.

209 603 326 645 XLV
351 602 504 671 (LXV)
539 602 699 656 Corpus
730 604 849 642 tuom
880 601 1012 656 uirgis
1047 601 1197 642 ulmeis
1234 600 1469 643 inscribam.

189 661 326 703 XLVI
353 660 527 716 (LXVI)
558 660 748 714 Paupera
778 661 842 700 est
871 658 973 700 haec
1003 659 1165 700 mulier.

167 719 326 761 XLVII
351 718 548 775 (LXVII)
580 718 676 773 Ipsa
707 717 789 759 sibi
820 717 911 758 auis
941 720 1120 758 mortem
1151 719 1276 758 creat.

146 776 327 819 XLVIII
352 776 570 831 (LXVIII)
602 776 685 818 Pro
716 776 879 816 laruato
911 778 952 816 te
984 775 1286 816 circumferam.
1425 785 1468 817 55

189 835 325 876 XLIX
351 834 525 890 (LXIX)
559 834 753 876 Castrum
784 833 1034 875 Poenorum.

289 894 355 935 L(
356 892 502 949 LXX)
713 891 924 946 dissipabo

523 951 580 992 Te
611 951 828 1005 tamquam
858 950 961 991 folia
991 949 1148 990 farfari.

270 1008 325 1050 LI
369 1008 524 1064 LXXI)
556 1009 716 1050 Faciles
747 1008 890 1050 oculos
919 1007 1057 1048 habet.
1305 1010 1310 1015 '

249 1067 326 1108 LII
370 1066 569 1122 LXXIII)
601 1067 767 1108 Mecum
781 1066 932 1107 ‘shabet
944 1069 1122 1121 patagus
1135 1065 1308 1106 morbus
1321 1079 1400 1106 aes.
1427 1075 1469 1107 60

230 1125 328 1166 LIII
354 1124 569 1181 (LXXIV)
602 1125 683 1174 Qui
714 1125 811 1166 talis
842 1127 905 1166 est
936 1125 985 1165 de
1016 1123 1224 1179 gnatabus
1254 1123 1350 1164 suis.

230 1183 325 1224 LIV
351 1183 565 1239 (LXXIX)
596 1183 761 1224 Probus
793 1183 961 1237 quidem
992 1184 1114 1223 antea
1141 1181 1346 1222 iaculator
1369 1195 1470 1222 eras.

252 1241 328 1282 LV
353 1236 546 1297 (LXXX)
578 1242 713 1282 Linna
744 1243 981 1295 coopertast
1010 1240 1181 1281 †testrio
1216 1239 1354 1295 gallia.

228 1299 324 1340 LVI
350 1299 565 1355 (LXXXI)
596 1330 618 1343 e
643 1323 664 1342 L
701 1299 841 1353 siquid
876 1299 1064 1340 facturus
1100 1312 1162 1353 es,
1204 1297 1390 1352 appende
1427 1297 1471 1338 in

981 1356 1138 1398 umeris
1166 1356 1342 1410 pallium

591 1416 649 1457 Et
685 1417 858 1471 spergat
900 1417 1103 1469 quantum
1144 1414 1258 1455 ualet
1299 1415 1469 1455 tuorum

981 1473 1134 1527 pedum
1165 1471 1401 1526 pernicitas.
1427 1482 1471 1514 65

144 1610 337 1653 pracamur
368 1600 555 1635 Diomedis
582 1600 633 1635 B:
669 1601 840 1644 precatur
870 1599 1011 1634 Donati
1037 1598 1077 1633 S:
1111 1607 1300 1642 precemur
1329 1597 1473 1632 Servius

144 1651 176 1680 et
200 1647 316 1681 maior
335 1658 426 1690 pars
451 1648 612 1682 codicum
637 1647 784 1690 Pompei
808 1647 819 1690 Η
847 1645 996 1679 XXXIX
1023 1645 1214 1680 Cledonius
1232 1655 1271 1689 p.
1291 1646 1356 1686 59,
1373 1643 1423 1678 22
1441 1647 1473 1678 et

145 1693 294 1736 Pompei
314 1694 442 1728 Comm.
459 1705 494 1737 p.
508 1696 592 1735 240,
610 1695 659 1727 23
683 1698 715 1728 et
734 1692 883 1727 Marius
908 1692 1050 1726 Plotius
1075 1691 1246 1726 Sacerdos
1263 1702 1302 1735 p.
1322 1693 1404 1732 490,
1423 1692 1472 1725 20

146 1738 277 1782 (Cette)
297 1744 328 1774 et
348 1740 487 1774 Phoeas
506 1752 538 1783 p.
554 1742 696 1782 436,15
715 1740 823 1783 (item)
854 1740 865 1783 Η
894 1738 955 1772 XL
976 1738 1124 1773 Marius
1143 1738 1285 1772 Plotius
1303 1718 1404 1772 Sacev’
1403 1737 1473 1772 dos

141 1797 179 1830 p
204 1788 294 1828 472,
314 1788 426 1820 26—
383 1803 426 1815 =
447 1786 558 1821 Probi
584 1767 682 1821 Gdth.
703 1797 742 1830 p.
763 1788 798 1828 8,
818 1788 840 1819 4
877 1786 889 1830 ΙΙ
925 1784 1004 1818 XLI
1029 1784 1173 1820 Servius
1196 1783 1286 1819 Dan
1309 1784 1358 1818 ad
1382 1783 1472 1818 Aen.

144 1833 173 1866 I
187 1834 259 1866 738
278 1834 290 1876 ΙΙ
309 1832 405 1866 XLII
422 1834 524 1867 Idem
542 1834 590 1867 ad
603 1833 692 1867 Aen.
707 1813 837 1866 113’57
854 1832 866 1878 Η
884 1831 997 1865 XLIII
1015 1832 1115 1866 Idem
1133 1831 1183 1865 ad
1201 1829 1290 1865 Ae‘n.
1305 1830 1368 1864 IV
1379 1831 1449 1864 533
1461 1829 1474 1875 Η

146 1878 259 1912 XLIV
295 1880 395 1913 Idem
431 1881 481 1914 ad
511 1879 599 1914 Aen
632 1879 729 1913 ΙΧ
729 1881 796 1913 399
833 1879 891 1922 (cf.
927 1878 1225 1913 Additamenmm
1260 1877 1308 1911 ad
1346 1876 1440 1911 Geoo
1439 1887 1472 1921 9

145 1925 209 1959 IV
225 1928 296 1960 170
323 1926 565 1971 [properant])
608 1927 619 1970 ΙΙ
661 1925 757 1959 XLV
783 1925 927 1960 Servius
957 1925 1006 1959 ad
1030 1924 1120 1959 Aen
1147 1924 1175 1958 I
1192 1925 1266 1958 478
1307 1925 1319 1967 11
1361 1921 1474 1956 XLVI

146 1972 246 2006 Idem
281 1973 331 2006 ad
368 1973 456 2007 Aen.
488 1973 562 2006 III
582 1975 653 2006 539
683 1977 715 2007 et
740 1972 830 2006 XII
849 1974 919 2006 519
961 1972 973 2015 ΙΙ
1013 1969 1146 2004 XLVII
1173 1970 1275 2004 Idem
1303 1970 1353 2004 ad
1382 1969 1472 2004 Aen

152 2018 209 2051 VI
223 2021 295 2052 205
323 2020 334 2062 Η
362 2018 509 2053 XLVIII
532 2020 632 2054 Idem
656 2020 705 2053 ad
729 2019 819 2053 Aen.
840 2018 985 2052 V1229
1011 2018 1023 2062 ΙΙ
1049 2015 1163 2051 XLIX
1185 2017 1286 2051 Idem
1309 2016 1358 2050 ad
1382 2015 1473 2050 Aen

153 2065 212 2098 VI
227 2067 297 2098 775
319 2067 323 2108 Ι
345 2075 559 2108 poenarum:
592 2077 671 2100 com·
695 2077 739 2100 ex
762 2077 781 2099 r
805 2066 817 2109 ΙΙ
843 2063 871 2097 L
896 2065 997 2099 Idem
1021 2065 1070 2098 ad
1094 2063 1183 2098 Aen.
1215 2062 1296 2098 VII
1311 2063 1380 2097 715
1398 2061 1474 2106 {1111

146 2111 246 2145 Idem
265 2112 314 2145 ad
332 2112 421 2146 Aen.
442 2112 546 2146 VIII
554 2114 625 2146 310
643 2113 654 2156 ΙΙ
672 2111 735 2145 LII
760 2111 973 2146 Macrobius
995 2110 1070 2146 Sat.
1092 2110 1126 2143 V
1141 2112 1261 2152 19,11
1284 2110 1288 2153 Ι
1315 2119 1362 2156 pe
1364 2118 1472 2159 agus3

146 2168 227 2192 corr
255 2158 428 2192 Camenas
456 2159 468 2202 ss
501 2158 581 2192 LIII
607 2159 820 2193 Priscianus
844 2158 871 2191 I
890 2157 950 2201 (G
976 2157 1019 2191 L.
1046 2157 1110 2199 II)
1131 2119 1376 2200 p.’293,1991
1409 2153 1474 2198 qui

147 2205 200 2238 vel
225 2203 315 2246 quin
333 2205 344 2247 ΙΙ
363 2204 443 2238 LIV
467 2205 630 2239 Isidorus
659 2205 754 2250 Oriy.
782 2204 925 2239 XIX
902 2217 935 2246 ο,
953 2205 979 2238 2
1007 2204 1019 2248 ΙΙ
1046 2202 1109 2236 LV
1132 2203 1232 2237 Idem
1257 2183 1352 2247 ’Oriy
1373 2201 1477 2236 XIX

148 2252 207 2292 23,
227 2252 249 2284 3
274 2251 381 2295 (unde
401 2252 533 2294 pendet
557 2252 644 2286 liber
668 2252 878 2296 ylossarum)
901 2252 905 2294 Ι
928 2250 1124 2294 cooperata
1150 2249 1206 2282 est
1231 2249 1319 2283 liber
1321 2213 1474 2293 99ῖοεεα-

146 2307 228 2330 rum
253 2298 440 2340 (cooperta
466 2298 584 2343 mdyo)
615 2299 626 2341 Η
656 2297 735 2331 LVI
760 2297 860 2332 Idem
888 2297 984 2342 Oriq.
1011 2295 1115 2331 XIX
1129 2297 1228 2337 241
1256 2296 1268 2339 Η
