1566 2502
191 89 246 129 82
761 85 935 121 PLAVTI
1218 86 1253 121 11
1271 90 1303 132 2,
1317 89 1432 123 3-16
1447 88 1512 134 [A]

188 182 300 223 Huic
329 181 490 223 11610101
521 180 702 221 †amanti
738 193 830 220 mea
861 193 930 220 era
960 179 1071 234 apud
1099 194 1177 221 008
1205 181 1372 222 neniam
1403 181 1513 223 dixit

189 297 300 339 Nam
336 297 455 338 fundi
493 298 535 337 et
571 295 683 336 aedis
721 295 931 350 6bligatae
962 237 1071 360 sunit?
1097 237 1358 338 ξξῃῗέᾧοήε
1393 298 1510 351 prae-

187 412 345 453 Verum
377 412 487 465 apud
516 411 626 452 hunc
657 425 750 451 mea
775 425 844 451 era
869 413 943 451 slia
968 352 1328 453 coridgiffi'sfimma
1352 411 1510 466 eloqui-

1022 470 1092 509 tur
1121 467 1263 523 libere,
1441 480 1510 511 215

186 527 405 583 Magisque
436 527 537 568 adeo
569 527 606 567 ei
638 526 900 567 consiliarius
929 525 999 566 hic
1019 525 1208 624 Inimicust
1237 541 1364 581 quam
1394 528 1510 569 auxi-

186 643 298 684 Dum
341 643 422 683 fuit
460 642 588 684 dedit:
631 656 740 683 nunc
777 642 840 682 nss
875 598 1176 740 0011οἠτ11ῗ111οῗ1
1211 641 1395 684 habebat
1432 657 1511 685 nos

187 758 270 800 Iste
300 758 344 799 1‘d
368 758 496 799 habet
521 758 633 812 quod
656 772 733 799 nos
756 757 981 798 habuimus
1008 699 1317 800 jlliedllilgnum
1346 758 1511 801 facinus

1019 815 1228 857 fectumst.

184 874 388 915 Actutum
419 874 612 915 fortunae
643 874 779 915 solent
808 874 975 928 mutari,
1005 874 1123 915 uaria
1152 873 1299 917 ustast:

184 932 274 974 Nos
321 932 495 973 diuitem
538 933 665 973 istum
709 932 976 973 meminimus
1018 935 1143 986 atque
1184 931 1264 974 iste
1305 933 1511 987 pauperes

1019 1004 1113 1031 nos:
1439 1001 1507 1032 220

185 1047 417 1090 Vorterunt
441 1062 528 1089 sese
554 1048 779 1089 memoriae
806 1072 859 1077 ——
885 1047 1039 1088 stultus
1069 1048 1125 1089 sit
1155 1048 1228 1102 qui
1252 1048 1296 1089 id
1319 1048 1509 1090 miretur.

186 1105 230 1146 Si
262 1107 369 1162 eget,
398 1109 604 1147 necessest
634 1106 711 1146 nes
741 1106 847 1160 pati:
886 1106 1043 1147 ameuit
1069 1130 1123 1136 ——
1150 1120 1327 1160 aequom
1357 1106 1396 1148 ei
1425 1106 1509 1147 fac-

1017 1166 1160 1205 tumst.

182 1221 442 1262 Piaculumst
473 1222 668 1263 miserere
695 1235 772 1262 nos
797 1221 1017 1262 hominum
1042 1222 1103 1263 rei
1136 1221 1244 1263 male
1275 1222 1507 1277 gerentum.

298 1279 428 1321 Bonis
460 1281 547 1320 esse
579 1282 747 1334 oportet
778 1279 972 1320 dentibus
1003 1280 1141 1321 lenem
1170 1279 1364 1334 probam:

297 1337 500 1379 Adrsdere
531 1339 602 1378 †ut
634 1338 810 1392 quisque
841 1338 984 1378 ueniat
1013 1337 1247 1392 blandeque
1274 1338 1457 1393 adloqui,

298 1395 407 1437 Male
440 1396 562 1436 cerde
594 1396 843 1450 consultare,
874 1395 979 1437 bene
1009 1395 1154 1451 lingue
1184 1396 1314 1450 loqui.
1439 1406 1507 1438 226

297 1453 561 1495 Meretricem
592 1454 721 1494 sentis
752 1453 932 1495 similem
960 1454 965 1507 Ι
993 1467 1080 1494 0880
1111 1453 1325 1495 cendecet:

276 1582 353 1613 213.
386 1588 548 1614 nomm:
581 1579 766 1614 hominem
811 1581 815 1624 Ι
861 1578 1002 1613 amanti
1031 1589 1155 1614 meera
1179 1580 1245 1624 (vel
1269 1580 1380 1624 meer)
1405 1579 1506 1624 apud

181 1635 247 1658 nos
266 1624 415 1659 neniam
434 1625 529 1659 dixit
548 1627 614 1669 (vel
633 1625 727 1660 dixit
745 1625 923 1670 neniam):
950 1634 1505 1661 APUTNOSMEAERAAMANTIN-

180 1680 428 1706 ΝΕΙΑΜΒΙΧῙΤ
474 1674 478 1716 Ι
525 1671 618 1706 dixit
655 1671 755 1707 domi
787 1672 926 1715 Festus,
963 1673 1111 1707 dubium
1140 1684 1190 1708 am
1218 1683 1262 1707 ex
1295 1672 1359 1707 hoc
1383 1673 1457 1708 loeo

181 1720 259 1752 214.
286 1727 479 1753 FUNDIET:
514 1718 638 1753 fundit
682 1719 686 1765 Ι
731 1727 1111 1754 AMORISPRAEDIUM:
1136 1717 1248 1753 moris
1272 1717 1467 1763 prandium

180 1767 258 1798 215.
285 1773 548 1800 MEAERASUA:
575 1775 721 1800 meaera
745 1766 799 1800 vel
822 1775 880 1799 me
906 1775 967 1799 era
1003 1766 1015 1810 ss
1057 1769 1135 1799 216.
1161 1764 1254 1799 adeo
1280 1764 1329 1800 ei:
1361 1773 1468 1800 Anno
1497 1766 1501 1811 Ι

180 1819 307 1850 QUAM:
334 1810 398 1854 qui
422 1812 475 1846 vel
499 1812 597 1855 quod
639 1814 651 1856 ΙΙ
692 1815 770 1846 218.
797 1820 900 1846 ISTE:
925 1810 1038 1845 Istinc
1077 1811 1082 1858 1
1120 1810 1263 1846 facinus
1289 1812 1353 1855 (sic
1377 1811 1426 1856 A)
1450 1812 1507 1846 vel

180 1855 334 1891 facimus
363 1859 368 1901 Ι
399 1866 572 1893 FAOTUST
603 1860 614 1903 11
645 1862 722 1893 219.
747 1859 924 1892 Actutum
949 1859 1012 1903 (sic
1035 1857 1085 1903 A)
1108 1858 1162 1893 vel
1185 1858 1235 1892 At
1258 1858 1380 1892 tutum
1401 1858 1406 1902 Ι
1427 1867 1506 1892 MU-

181 1912 291 1938 TARI:
322 1903 482 1938 mutauit
517 1905 529 1948 ΙΙ
566 1908 643 1939 220.
669 1914 804 1940 ISTUM:
831 1914 913 1947 eum
940 1905 944 1950 Ι
975 1913 1065 1944 ADQ·
1100 1904 1104 1951 Ι
1137 1913 1239 1939 Ism:
1263 1903 1328 1938 isti
1369 1905 1382 1948 ΙΙ
1424 1907 1502 1938 221.

179 1959 760 1995 ΜΕΜο01Αο810010881Το0110;
792 1950 968 1986 memoria
999 1951 1056 1985 est
1085 1950 1184 1985 uitus
1217 1949 1266 1984 sit
1295 1949 1385 1994 quid
1414 1949 1469 1984 ita
1492 1950 1506 1996 Η

181 1998 258 2031 222.
284 2005 648 2041 AMAU1TAEQUMEr:
675 2008 735 2031 am
755 2008 776 2032 a
795 1997 875 2031 uita
900 2000 994 2040 eqfio
1016 2007 1075 2031 me
1093 1998 1147 2033 vel
1164 2008 1206 2032 ar
1223 1996 1327 2032 auita.
1345 2006 1505 2040 aequum

180 2053 238 2075 me
269 2043 280 2086 Η
316 2046 393 2078 223.
420 2043 612 2077 Piaculum
637 2046 700 2089 (sic
718 2044 767 2088 A)
791 2045 846 2079 vel
869 2043 1075 2078 Pilaculum
1101 2044 1106 2090 Ι
1133 2042 1297 2078 misereri
1321 2044 1417 2087 (item
1435 2044 1502 2086 A>=

180 2099 260 2123 corr
277 2088 345 2123 Stu
367 2092 371 2133 Ι
392 2092 584 2133 gerentum
609 2092 672 2134 (sic
691 2091 739 2134 A)
764 2091 818 2125 vel
841 2089 1047 2134 gerentium
1077 2091 1088 2134 ΙΙ
1118 2093 1196 2125 224.
1221 2098 1394 2125 PROBAM:
1420 2100 1504 2134 pro-

180 2134 285 2168 bram
336 2137 347 2179 ΙΙ
401 2139 595 2171 225—227.
621 2138 671 2172 sic
696 2138 750 2171 B.-
780 2138 850 2172 duo
879 2149 910 2172 v.
936 2141 1021 2172 sumt
1043 2137 1086 2171 in
1109 2137 1145 2171 A
1169 2137 1226 2180 (-
1247 2135 1467 2180 consultare)
1492 2135 1504 2182 ΙΙ

182 2185 259 2215 225.
279 2191 474 2223 UTQU1SQ·:
495 2182 660 2226 quisquis
680 2185 691 2228 ΙΙ
711 2187 787 2218 226.
809 2191 1076 2226 CONSULTARE:
1098 2181 1298 2217 consultari
1311 2183 1403 2227 (corr
1417 2182 1499 2227 Cam

180 2237 470 2269 LINGUALOQUI:
508 2229 610 2273 loqui
641 2229 770 2274 lingua
811 2231 822 2274 Η
866 2233 942 2265 227.
975 2238 1391 2265 snwmssmrnmnssss:
1423 2238 1503 2263 ense

182 2273 338 2307 similem
364 2274 477 2308 sentis
500 2275 504 2318 l
526 2285 707 2311 ADDECET
727 2278 738 2320 Η
