1566 2502
199 112 319 147 XVIII
726 109 994 146 PRAEFATIO

199 207 352 248 mundo
394 208 576 247 notatae:
619 204 768 246 lineola
808 205 943 247 media
984 209 1162 258 apparet.
1205 230 1260 236 —
1305 206 1399 250 189..
1433 221 1524 248 uer-

202 265 346 306 bumst
370 263 584 305 Abraham
610 262 788 306 ‘Wsehn
810 263 841 315 f.
867 262 918 304 kl.
943 262 1107 305 Philol?
1133 267 1157 305 t.
1183 263 1243 306 II
1257 278 1302 317 p.
1321 266 1402 306 451
1431 269 1524 307 ante

198 323 402 365 Baebium
433 335 475 374 p.
501 323 583 363 353
591 334 647 374 sq.
687 345 741 350 -
779 320 875 362 202.
907 321 1108 375 quioquid
1143 324 1206 363 est
1236 321 1442 365 Prehnius
1476 324 1523 364 de

194 394 312 434 pron.
344 381 468 433 indes.
491 393 535 432 p.
561 382 588 420 4
613 380 707 421 adn.
734 403 788 408 —
821 379 917 420 219.
957 379 1099 421 Vtrum
1128 383 1340 422 necessust
1369 394 1426 423 an
1454 395 1522 422 ne-

201 440 406 480 eessumst
435 437 620 491 recipias,
650 437 838 479 dubium:
875 438 945 479 hoc
966 437 1255 492 praetulivms,
1290 452 1380 480 oum
1403 453 1522 493 prae-

196 498 314 538 cedat
349 496 558 537 decretust
590 509 671 548 pro
714 495 967 536 decretumst
1002 496 1049 537 in
1086 496 1218 538 eodem
1253 495 1306 538 A.
1338 521 1393 526 —
1425 497 1522 538 226.

199 555 434 596 iunctiones
458 553 740 607 praetulimus,
769 554 869 606 quia
893 555 1140 608 συμπλοκαί
1160 551 1261 610 (non
1283 554 1522 610 unctiones)

197 614 255 654 ad
285 613 406 667 ‘loyos
428 610 637 654 ridiculos'
660 612 891 654 vendundos
913 612 1116 664 pertinere
1138 616 1318 665 possunt.
1342 637 1399 643 -—
1425 613 1522 654 228.

197 671 312 713 Festi
351 671 480 712 locum
518 671 595 712 huo
632 670 719 711 iam
749 669 975 712 Muellerus
1003 684 1047 723 p.
1072 673 1225 724 262sq.
1261 675 1520 714 revocaverat.

109 761 114 765 .
198 754 254 758 ——
285 729 383 771 237.
408 728 461 782 he
487 733 534 770 ce
553 728 598 770 B
619 731 711 770 teste
730 727 1004 770 Studemundo
1029 727 1101 784 (he
1126 729 1172 770 e}
1197 732 1288 771 teste
1311 728 1521 785 Hiuekio).

198 813 253 817 —
278 787 375 829 239.
407 784 704 843 (GE)1(ASIME)
733 786 989 838 probabilius
1024 800 1148 840 quam
1178 785 1308 842 (muys
1341 785 1418 843 (sie
1441 786 1522 842 As)

197 859 246 887 ae
289 846 375 898 fere
423 849 581 887 eertum.
633 869 686 873 —
737 844 823 886 260
836 859 925 898 sqq.
972 844 1032 898 Cf.
1076 844 1314 887 Redslobius
1356 845 1520 887 Philol.

197 902 361 945 Rdsoli?
393 907 416 945 t.
451 903 519 944 VI
542 917 584 955 p.
609 905 669 945 27
669 906 696 943 9
732 906 771 944 et
803 902 986 944 Baehius
1021 917 1064 956 p.
1090 906 1173 945 413
1209 894 1398 959 (prorsus
1432 917 1522 946 eum

197 962 373 1003 Iawlisio
406 960 594 1017 faciens).
639 986 693 990 —
737 961 833 1003 267.
866 973 944 1002 Dm
980 959 1081 1017 (non
1114 959 1214 1018 Dm)
1249 965 1428 1015 amaret.
1467 986 1520 991 -

197 1020 293 1061 277.
326 1020 498 1074 proloco
536 1019 609 1073 qui
647 1017 748 1074 (non
783 1018 975 1074 proloco)
1005 1019 1058 1061 B.
1101 1044 1156 1049 —-
1198 1020 1296 1061 292.
1326 1034 1412 1062 non
1443 1033 1522 1072 pro

196 1093 295 1119 nam
326 1077 462 1134 (vulyo
499 1076 602 1133 iam)
642 1077 866 1130 Vssinyius.
899 1102 952 1106 —
987 1078 1085 1119 296.
1115 1077 1196 1119 nisi
1227 1078 1332 1119 sciat
1360 1077 1522 1131 reliqui-

197 1150 288 1178 mus
309 1135 466 1191 (nescia
488 1134 732 1191 Vssinyius)‚
756 1139 804 1176 ut
824 1137 931 1188 quod
953 1137 1184 1189 siqniffleare
1203 1137 1377 1188 fortasse
1393 1137 1525 1188 possit

197 1194 297 1235 ‘nisi-
326 1194 546 1247 comperiat
572 1208 601 1235 a
629 1207 693 1235 me
722 1207 861 1235 revera
898 1195 1051 1248 adesse,
1088 1198 1246 1236 tantum
1281 1193 1429 1236 bonum
1458 1207 1522 1236 ex-

190 1256 334 1305 optare
351 1253 422 1294 vix
439 1251 614 1294 audeat?
656 1251 722 1294 De
745 1252 969 1304 corruptela
993 1252 1170 1305 eoqitans
1194 1266 1224 1294 e.
1239 1266 1277 1306 9.
1303 1252 1340 1294 si
1364 1252 1523 1306 optiost

196 1309 263 1366 (ef.
300 1310 396 1352 Mil.
429 1310 529 1366 170)
573 1310 633 1352 rel
675 1310 856 1364 amplius
899 1308 966 1365 (ef.
1001 1309 1113 1363 Capt.
1146 1313 1242 1352 777.
1285 1311 1374 1352 Liv.
1405 1309 1530 1352 XXI

195 1372 263 1419 43,
288 1368 332 1424 5)
366 1372 530 1421 temptat
558 1367 788 1422 Seyffertus.
815 1392 869 1397 —
899 1368 994 1409 311.
1026 1368 1216 1410 sualeant
1245 1367 1296 1410 B.
1324 1393 1378 1398 —
1404 1368 1518 1410 326².

194 1426 344 1481 <eh0,>
370 1426 514 1467 ubist?
544 1426 604 1468 vel
627 1426 771 1467 ubist?
801 1424 917 1479 (GE.
941 1426 1063 1479 Em.)
1089 1425 1318 1469 Schoeuius.
1344 1450 1398 1456 —
1426 1426 1521 1467 330.

198 1485 357 1537 Tetrap.
390 1485 507 1526 troeli.
539 1484 655 1525 catal.
692 1497 783 1525 eum
819 1485 910 1537 trip.
941 1484 1058 1526 catal.
1094 1485 1344 1526 notavimus:
1381 1498 1522 1537 quam÷

194 1556 318 1596 quam
349 1543 397 1595 cf.
424 1541 489 1584 Se
476 1543 644 1596 Jffertus
674 1541 798 1583 Burs.
822 1541 977 1583 Annal.
1009 1545 1034 1583 t.
1058 1541 1238 1584 LXXX
1257 1556 1300 1595 p.
1325 1545 1422 1584 237.
1466 1568 1519 1572 ——

195 1601 293 1642 336.
325 1599 477 1642 Omnia
514 1615 567 1641 m.
592 1600 618 1641 l.
644 1615 698 1641 m
723 1602 838 1640 tenet
869 1625 923 1630 -
954 1601 1044 1642 dist.
1070 1599 1310 1643 Selwellius:
1339 1614 1438 1642 nam
1462 1601 1521 1642 ita

195 1658 320 1700 celeri
351 1658 560 1700 curriculo
592 1658 654 1699 fui
685 1672 775 1699 cum
804 1659 869 1699 his
903 1658 1033 1700 verbis
1062 1658 1284 1709 cohaerent,
1315 1671 1396 1700 non
1431 1672 1521 1700 eum

194 1717 253 1758 eis
281 1731 384 1770 quae
411 1718 601 1770 proxime
624 1717 879 1769 praecedunt.
912 1741 966 1746 ——
998 1717 1095 1759 339
1126 1728 1155 1758 A
1186 1717 1340 1759 litterae
1374 1717 1522 1770 speeies

187 1775 330 1828 prodit
366 1789 415 1816 ex
450 1774 598 1816 lineola
632 1788 888 1827 nequaquam
930 1775 988 1816 ad
1025 1775 1238 1828 antiquam
1275 1775 1518 1828 scripturam

187 1834 414 1887 pertinente
454 1831 546 1889 (etsi
581 1833 790 1874 Loewium
832 1832 1004 1886 olimque
1043 1833 1165 1875 etiam
1200 1832 1519 1875 Studemundum

190 1891 357 1944 fefellit·
393 1892 464 1933 sed
490 1891 580 1933 viole
603 1890 754 1946 Add.).·
790 1904 893 1944 quae
927 1905 1018 1933 vero
1048 1891 1167 1932 hasta
1202 1892 1260 1933 ad
1287 1901 1315 1932 0
1347 1890 1407 1932 vel
1437 1901 1461 1931 C
1494 1905 1518 1931 α

195 1949 469 1992 Studemundo
499 1949 629 1991 relata
658 1953 730 2003 est,
763 1952 847 1990 tam
876 1949 983 1991 clare
1011 1953 1196 2004 apparet,
1231 1953 1278 1990 ut
1305 1960 1340 1989 Μ
1369 1948 1420 1990 ab
1450 1940 1520 1990 illo

195 2011 378 2050 notatum
408 2007 594 2049 excludat
621 2011 658 2049 et
687 2006 833 2063 (paulo
864 2008 1093 2060 anyustiore
1116 1983 1369 2062 smiptura)
1361 2017 1422 2047 101
1446 2019 1519 2059 po-

195 2067 276 2108 tius
306 2066 497 2108 admittat
530 2069 622 2107 ante
652 2076 750 2119 RES.
814 2065 947 2118 Quare
982 2079 1072 2106 eum
1102 2078 1123 2106 c
1158 2068 1196 2106 et
1222 2079 1250 2119 p
1284 2065 1397 2106 haud
1424 2077 1519 2106 raro

195 2124 300 2166 inter
332 2137 374 2166 se
402 2127 682 2177 permutentur
719 2135 761 2179 μζ
769 2134 870 2178 1131338
902 2127 940 2165 et
974 2123 1130 2178 inparti
1170 2136 1352 2164 revocare
1383 2123 1519 2176 aliquo

195 2183 311 2224 modo
333 2183 470 2235 possis
507 2183 564 2224 ad
591 2181 635 2223 id
665 2185 787 2224 certe.
851 2182 1031 2224 Ceterum
1062 2181 1109 2222 de
1139 2182 1256 2222 tanta
1286 2178 1443 2236 (tanto)
1470 2180 1519 2232 ef.

196 2241 252 2280 ad
280 2239 387 2282 Rud.
414 2242 506 2282 521.
534 2265 588 2270 -—
615 2241 699 2281 342
730 2244 768 2282 et
797 2240 893 2282 351.
927 2245 967 2286 ᾖ
1000 2252 1073 2280 om.
1099 2238 1149 2280 B.
1178 2263 1231 2268 -—
1264 2238 1347 2279 348
1359 2253 1418 2292 sq.
1449 2238 1522 2279 Ad

195 2297 429 2351 improbem
469 2297 545 2354 (sio
574 2298 615 2339 A
647 2299 862 2340 certissime
894 2297 1028 2339 habet:
1066 2297 1211 2338 lineola
1241 2310 1343 2350 quae
1373 2295 1523 2349 decepit
