1540 2456
203 82 285 123 166
777 83 950 119 PLAVTI
1140 85 1192 120 111
1209 88 1240 130 4,
1261 88 1374 120 1—17
1394 87 1454 133 [ιο
1469 87 1515 133 Α]

222 241 675 278 AGORAS‘I'OGLES.
735 242 1036 279 ADVOGA'I’I.
1097 244 1489 282 coLLABIchs.

291 302 596 338 ADVLESCENS
1191 305 1375 340 VILIOVS

765 359 948 394 LYGVS

794 419 920 454 LENO

196 500 286 543 AG.
326 501 435 551 Quid
466 503 555 543 est?
593 502 693 556 quid
723 503 868 556 uoltis,
905 503 1079 602 testes}
1109 502 1252 602 kADV.
1285 503 1434 559 Specta
1465 505 1517 547 ad

1057 575 1107 602 ex
1129 576 1260 603 eram:

196 617 308 658 Tuos
341 619 483 659 seruos
515 633 661 658 aurum
690 619 694 670 Ι
722 618 802 672 ipsi
834 619 979 660 lenoni
1006 619 1132 660 dabit.

199 674 279 717 CO.
310 674 402 731 Age
434 677 572 730 aiecipe
603 676 683 717 hoe
714 677 787 717 sis:
819 676 911 717 heic
943 679 1040 718 sunt
1070 678 1277 719 numerati
1308 679 1421 719 aurei

197 733 389 774 Trecenti
420 735 581 774 nummi
614 734 690 788 qui
715 737 920 775 uocantur
949 734 1228 790 Phssipp<e>i.

195 791 306 832 Hinc
336 793 402 832 me
433 807 627 846 procura:
658 794 833 846 propere
863 792 988 834 hosce
1019 793 1188 847 apsumi
1213 794 1322 835 uolo.
1448 806 1512 836 715

194 849 279 890 LY.
311 849 474 904 Edepol
504 851 641 891 fecisti
671 850 894 905 prodigum
925 854 1119 904 promum
1149 851 1238 892 tibi.

192 906 284 963 Age
316 909 457 949 enimus
489 909 610 949 intro.
668 907 748 950 CO.
780 909 837 949 Te
868 923 1028 963 sequor.
1083 909 1168 950 LY.
1200 909 1291 965 Age
1323 924 1398 966 age
1429 911 1512 951 {im-

191 1022 263 1064 Ibs
290 1038 395 1078 quae
426 1025 581 1065 relicua
612 1025 694 1065 alja
723 967 1140 1066 fabuIabimurtula.

195 1080 273 1122 CO.
306 1082 465 1123 Eadem
496 1082 673 1124 narrabo
705 1082 786 1123 tibi
817 1097 882 1124 res
914 1082 1195 1136 Spartiaticas.

192 1139 277 1180 LY.
317 1139 427 1189 Quin
464 1142 634 1194 sequere
672 1155 737 1181 me
769 1141 890 1182 intro.
948 1139 1028 1182 CO.
1059 1140 1151 1181 Duo
1181 1155 1246 1182 me
1277 1141 1407 1182 intro:
1445 1141 1512 1181 ad-

1023 1199 1182 1240 dietum
1211 1201 1338 1240 tenes.
1443 1210 1510 1240 720

190 1255 278 1297 AG.
301 1255 410 1304 Quid
427 1259 538 1297 mine
557 1256 661 1297 mihi
681 1259 869 1297 auctores
890 1257 1016 1297 estis?
1059 1255 1190 1298 ADV.
1209 1256 1269 1298 Vt
1286 1256 1404 1312 fmgi
1420 1257 1510 1298 sies.

189 1313 279 1355 AG.
318 1314 444 1368 Quid,
482 1315 516 1355 si
548 1315 710 1355 animus
742 1329 829 1355 esse
860 1316 945 1356 non
975 1315 1104 1380 sinit?
1165 1313 1296 1356 ADV.
1327 1314 1432 1356 Esto
1463 1317 1511 1355 iit

188 1428 278 1471 AG.
298 1429 488 1484 Vidistis⁷
507 1430 600 1470 leno
622 1444 748 1483 quom
768 1432 914 1470 aurum
935 1375 1133 1483 ἃοοθῗῖἐξ
1151 1428 1282 1471 ADV.
1302 1429 1508 1471 Vidimus.

189 1486 278 1528 AG.
315 1487 425 1528 Eum
461 1489 538 1528 uos
578 1502 716 1528 meum
748 1501 834 1528 esse
866 1489 1044 1560 seruoml
1062 1487 1206 1553 scitis?
1259 1486 1390 1529 ADV.
1424 1487 1508 1545 Sei-

190 1602 280 1645 AG.
310 1603 417 1644 Rem
448 1603 649 1644 aduorsus
674 1603 819 1657 populi
844 1604 988 1657 †saepe
1014 1547 1345 1659 lggzzssusADV.
1379 1603 1509 1645 Soiui-

189 1718 278 1760 AG.
309 1719 391 1760 Em
422 1719 549 1760 istaec
579 1720 677 1760 uolo
709 1733 808 1774 ergo
840 1720 916 1760 uos
948 1676 1279 1760 corrinmlgininisse
1310 1673 1507 1760 omnia725

188 1777 290 1819 Mox
321 1792 448 1832 quom
479 1777 531 1818 aid
560 1780 795 1831 praetorem
817 1775 821 1833 Ι
843 1780 942 1818 usus
967 1778 1117 1818 ueniet.
1167 1776 1298 1818 ADV.
1317 1777 1507 1818 Memini-

1020 1850 1123 1876 mus.

283 1952 358 1983 712.
392 1948 523 1983 dabat:
554 1959 633 1984 corr
665 1949 722 1994 Py
768 1950 779 1993 ΙΙ
829 1952 904 1983 713.
942 1949 990 1982 sis
1017 1949 1112 1983 seio
1155 1951 1166 1994 ΙΙ
1215 1952 1290 1983 714.
1316 1950 1389 1983 add
1414 1949 1471 1995 Py

191 1999 267 2030 715.
293 2005 445 2040 propere
480 1996 534 2030 vel
569 2006 724 2040 propera
777 1997 789 2040 ΙΙ
844 1998 919 2030 716.
953 1994 1147 2039 prodigum
1175 1995 1228 2030 vel
1257 1994 1466 2039 prodigium

192 2045 267 2077 718.
294 2041 438 2085 Ibique:
464 2053 542 2077 corr
569 2042 642 2076 Guz
672 2043 683 2086 ΙΙ
716 2045 791 2076 719.
818 2040 1052 2085 spartiatieas
1077 2042 1130 2076 vel
1154 2040 1356 2085 spartiacas
1384 2042 1396 2086 ss
1427 2045 1503 2076 720.

187 2090 231 2132 cf.
259 2090 308 2123 ad
333 2091 406 2124 706
455 2090 459 2132 Ι
510 2087 605 2122 intro
633 2087 700 2122 CO.
727 2088 805 2122 Duc
829 2098 886 2122 me
913 2098 997 2132 ergo
1023 2089 1089 2132 (vel
1113 2097 1198 2132 ergo
1222 2089 1294 2131 me)
1319 2086 1415 2122 intro
1441 2088 1505 2122 ad-

190 2134 329 2169 dictum
353 2136 456 2169 tenes
482 2135 547 2179 (ita
566 2139 649 2178 post
674 2136 758 2179 706)
790 2135 843 2170 vel
876 2144 961 2178 ergo
988 2133 1056 2169 CO.
1083 2133 1211 2167 Abduc
1236 2143 1293 2167 me
1318 2133 1414 2167 intro
1440 2133 1504 2168 ad-

189 2181 330 2215 dictum
353 2182 473 2216 tenes:
498 2189 980 2216 INTRODUCMEERGOINTRO
1015 2182 1027 2225 Η
1065 2183 1139 2214 721.
1167 2190 1248 2224 spes
1284 2182 1296 2225 ΙΙ
1331 2183 1407 2215 724.
1432 2181 1505 2215 add

191 2227 242 2262 Ca
283 2229 294 2272 [Ι
344 2230 420 2262 726.
445 2227 514 2261 Em
539 2228 603 2272 (sic
627 2226 827 2271 Charisius)
851 2228 904 2262 vel
926 2226 1019 2260 Hem
1064 2226 1068 2271 Ι
1113 2237 1180 2270 ego
1206 2237 1271 2260 uos
1296 2225 1504 2261 meminisse

189 2273 376 2309 Charisius
416 2275 428 2318 ΙΙ
471 2277 547 2308 727.
572 2272 802 2307 meminimus
827 2274 880 2308 vel
903 2271 1185 2307 memiminimus
1205 2274 1216 2317 Η
