1566 2502
133 102 184 136 VI
661 102 928 138 PRAEFATIO

134 198 330 239 reuocaui
368 201 544 250 spectare
578 198 771 239 videatur.
811 222 864 227 —
902 198 998 239 279.
1029 198 1237 252 quemque
1274 199 1326 240 ad
1360 213 1455 253 pro-

133 255 251 297 misit
279 256 389 296 diem
414 255 652 297 Redslobius
676 255 829 297 Annal.
849 255 988 308 philol.
1015 259 1038 297 t.
1068 255 1272 298 CXLIII
1289 271 1332 310 p.
1357 260 1451 299 216.

133 339 187 343 -
199 313 295 356 285.
315 313 441 367 prid&
459 314 582 355 etiam
594 313 639 354 D
656 314 773 355 habet
783 317 876 354 ante
889 327 987 355 corr.
1002 317 1092 356 teste
1105 313 1387 356 Studemundo.
1401 339 1449 344 —

131 373 227 413 292.
259 372 373 413 Inter
403 382 540 412 ISTAM
571 375 607 413 et
635 382 948 412 AMPLEXATOR
971 375 1071 414 recte
1094 376 1290 425 punctwm
1314 373 1454 415 testari

130 431 286 472 videtur
305 430 512 471 Loewius:
532 431 604 471 etsi
623 443 739 482 aeyre
757 430 870 470 dicas
887 430 988 482 quid
1003 431 1050 471 id
1064 430 1143 471 sibi
1160 430 1261 472 velit.
1281 455 1335 460 -
1356 431 1452 472 299.

131 502 211 542 que
231 502 280 528 oc
300 486 343 543 (o
363 488 409 528 in
426 486 528 543 ras.)
547 489 670 529 etiam
688 487 732 528 B
747 491 840 529 ante
863 501 962 529 corr.
983 491 1074 530 teste
1092 486 1374 530 Studemundo.
1395 513 1450 518 —

130 546 224 587 319.
249 545 309 599 Cf.
325 545 495 587 Marius
515 545 676 587 Plotius
686 559 730 598 p.
745 548 844 596 472,
858 546 1015 586 4K.-—
1030 545 1126 588 340.
1139 560 1242 601 rogo
1261 551 1285 588 ὅ
1298 546 1344 588 D
1362 550 1453 588 teste

129 602 413 646 Studemundo.
434 628 488 632 —
516 603 611 645 356.
642 603 737 657 pius
762 604 886 658 s<is>‚
918 603 1023 644 istoc
1047 618 1198 659 genere
1223 603 1452 658 Seyffertus.

131 687 186 691 —
213 662 308 704 364.
333 662 563 717 Legerupa,
594 665 639 702 ut
662 665 743 702 361
774 661 996 715 busterape
1026 665 1064 703 ct
1086 663 1170 703 975
1199 661 1452 718 legerupam,

129 723 282 762 tutatur
300 720 484 762 Havetus
510 719 621 762 ‘Reiz
641 721 687 761 de
704 719 823 772 phil?
844 723 867 760 t.
889 719 1011 762 XVI
1019 734 1063 772 p.
1078 724 1168 761 100.
1184 744 1238 749 —-
1258 721 1356 762 366.
1374 719 1452 762 PS.

128 778 254 820 Leno.
289 777 371 819 CA.
400 777 583 819 Caenum
609 777 821 819 Richterus
846 778 870 818 l.
889 791 919 819 s.
939 791 969 819 s.
987 791 1031 830 p.
1051 781 1146 820 421.
1165 802 1224 808 —-
1243 778 1338 820 371.
1365 777 1453 819 Ten

127 850 207 878 non
232 836 558 878 sollicitavimus:
590 850 646 877 an
669 850 722 876 ne
747 836 1000 889 affirmantis
1023 836 1109 877 est?
1134 861 1182 865 —
1210 837 1308 878 372.
1331 835 1453 877 Duas

127 895 372 936 recensiones
411 895 600 947 confusas
640 907 721 936 esse
759 897 888 935 censet
922 892 1142 947 Seyffertus
1172 892 1275 950 (Sed
1311 908 1453 948 quam-

130 967 257 1006 quam
296 967 350 993 m.
388 967 442 993 m.
480 953 524 993 in
563 966 629 993 me
670 951 781 992 dicta
818 951 1000 1006 dixistis,
1042 954 1182 993 tamen
1214 972 1270 986 =
1293 951 1453 993 Verum

130 1025 386 1065 quamquam
428 1026 481 1051 m.
513 1025 567 1051 m.
612 1010 723 1051 dicta
772 1009 937 1050 dixistis
979 1008 1104 1066 mihi)
1118 1024 1132 1059 ‚·
1174 1010 1268 1051 item
1304 1024 1338 1051 v.
1369 1013 1452 1052 389

130 1067 339 1123 (propera,
371 1069 503 1109 adduc
534 1068 749 1109 hominem
780 1068 863 1109 cito
897 1089 950 1101 =
983 1068 1115 1124 adduc
1145 1067 1360 1109 hominem
1391 1069 1452 1109 ce-

129 1126 313 1182 le1·iter);
340 1128 434 1168 item
452 1142 486 1168 v.
506 1130 591 1168 392
617 1125 856 1182 [(dileot1im
875 1124 994 1182 para)
1019 1126 1086 1167 Ex
1105 1126 1266 1167 multis:
1293 1140 1343 1167 ex
1366 1125 1453 1167 sslis

126 1186 271 1239 paucis
302 1187 433 1226 tinum
465 1185 537 1239 qui
569 1187 738 1239 certlist,
769 1184 869 1225 cedo
895 1204 950 1218 =
977 1182 1195 1240 (dilectiim
1225 1182 1345 1239 para)
1377 1173 1451 1225 At-

128 1258 208 1297 que
240 1244 412 1297 exquire
444 1258 494 1284 ex
525 1242 610 1284 illis
640 1243 784 1297 paucis
815 1244 947 1283 linum
978 1243 1051 1296 qui
1088 1245 1225 1284 cerinis
1255 1242 1364 1294 siet}
1397 1266 1451 1271 ——

128 1302 224 1343 387.
256 1302 437 1355 tempori
462 1300 585 1343 BCD
608 1301 762 1342 habent.
783 1325 837 1330 -
858 1301 953 1342 398.
986 1300 1240 1342 Parallelum
1264 1313 1346 1342 esse
1369 1314 1453 1342 ver-

127 1372 238 1413 sibus
269 1375 352 1412 399
362 1384 417 1424 sq.
449 1372 679 1424 suspicatur
713 1370 910 1412 Goetcius.
944 1395 998 1399 —
1029 1370 1126 1411 453.
1158 1370 1221 1410 int
1250 1383 1329 1422 pro
1366 1369 1452 1410 itur

126 1429 285 1471 Donati
318 1430 438 1471 codex
473 1429 764 1470 vetustissimus
795 1428 1029 1469 Parisinus.
1057 1453 1108 1456 —
1135 1427 1232 1469 467.
1263 1427 1452 1480 Spatium

126 1488 233 1541 quod
266 1491 325 1528 est
358 1488 404 1527 in
438 1486 520 1528 OD
556 1490 692 1527 utrum
728 1487 785 1527 ad
810 1499 1030 1538 personam
1067 1485 1331 1526 indicandam
1360 1498 1452 1538 per-

129 1546 256 1587 tineat
284 1559 340 1586 an
371 1546 427 1586 ad
454 1557 591 1586 versus
622 1544 920 1596 discriptionem
943 1544 1169 1596 pristinam
1200 1546 1244 1584 ut
1271 1543 1342 1584 hoc
1372 1543 1452 1584 loco

127 1605 324 1645 incertum
344 1606 410 1656 est,
435 1603 495 1644 ita
513 1603 767 1654 saepissime:
794 1601 895 1642 talia
919 1602 1045 1654 iyitur
1062 1605 1108 1642 ut
1130 1601 1297 1642 inutilia
1314 1602 1361 1642 in
1379 1601 1454 1642 hac

127 1662 288 1714 quidem
328 1662 498 1702 editione
533 1674 583 1701 ne
616 1660 1012 1701 commemoravimus
1051 1660 1220 1712 quidem.
1263 1683 1310 1688 —-
1354 1658 1451 1700 493.

128 1719 289 1760 Erilem
342 1717 545 1769 Goeteius,
601 1719 694 1759 item
743 1716 972 1771 Seyffertus.
1022 1742 1079 1747 —
1131 1718 1229 1758 497.
1277 1716 1452 1757 Peccata

127 1792 220 1819 mea
268 1779 366 1818 sunt
413 1777 631 1818 rectissime
678 1777 724 1817 in
771 1777 828 1816 ed.
877 1777 1074 1817 revocavit
1114 1774 1349 1817 Morrisius.
1397 1799 1451 1803 —

129 1836 225 1878 508.
262 1835 432 1888 <ultro>
476 1836 697 1889 argentlim
740 1833 858 1875 dabis
896 1833 1125 1888 Seyffertus.
1165 1857 1222 1862 ——
1265 1832 1448 1886 510sqq.

127 1893 204 1935 PS.
236 1893 368 1934 Dabis
400 1917 454 1922 —-
485 1891 575 1933 Iam
608 1891 699 1933 dico
731 1894 779 1933 ut
810 1906 833 1932 a
863 1906 929 1932 me
961 1892 1107 1932 ceineas
1138 1916 1193 1920 —
1225 1892 1335 1932 certe
1361 1890 1450 1931 ede-
1481 1895 1483 1897 '

127 1952 209 2007 pol.
248 1951 346 1992 scio.
378 1949 440 1992 SI.
473 1949 518 1992 Si
554 1965 583 1992 e.
609 1964 644 2003 q.
669 1963 699 1991 s.
731 1951 848 1992 idem.
893 1975 948 1979 —
991 1949 1087 1990 532.
1118 1948 1287 1990 Virtlite
1327 1948 1451 2002 <uel>

128 2011 275 2066 re<gi>
308 2009 535 2051 Schoellius.
571 2033 619 2037 —
655 2007 751 2049 541.
784 2007 865 2057 Qui
896 2022 961 2049 me
1000 2008 1092 2048 aere
1123 2006 1452 2047 circumuortant

129 2068 360 2122 Seyffertus.
388 2092 441 2096 -—
467 2065 584 2108 54312.
616 2067 650 2107 si
682 2069 774 2108 ante
805 2066 854 2107 de
885 2067 931 2107 in
958 2065 1144 2107 editionis
1167 2065 1338 2105 maioris
1362 2077 1451 2105 con-

130 2130 238 2168 textu
274 2139 406 2168 errore
442 2125 652 2166 intercidit.
687 2149 740 2153 -—
773 2123 869 2165 591.
901 2134 1098 2165 CIUEANT
1127 2135 1207 2175 pro
1238 2132 1450 2163 CLUEANT

128 2188 229 2226 recte
260 2185 397 2225 testari
431 2184 587 2224 videtur
617 2182 812 2223 Loewius.
846 2206 900 2211 —
932 2181 1016 2222 593
1027 2195 1086 2234 sq.
1117 2179 1336 2221 machaera
1368 2193 1452 2221 cor-

129 2246 243 2295 repta
274 2242 403 2283 altera
432 2241 588 2294 syllaba
618 2254 699 2282 non
723 2241 811 2282 sine
834 2239 1096 2282 haesitatione
1120 2239 1371 2280 admisimus.
1394 2261 1450 2267 —

131 2301 226 2342 608.
255 2299 316 2352 Cf.
343 2299 496 2341 Auson.
522 2299 600 2351 Ep.
627 2299 683 2339 ad
707 2297 828 2339 Paul.
846 2311 890 2351 p.
912 2300 1010 2347 274,
1030 2300 1087 2338 20
1111 2297 1167 2338 ed.
1189 2295 1325 2349 Peip..·
1350 2295 1450 2336 Pro—
