1566 2502
1199 67 1296 104 Prol.
1318 73 1336 104 1
1349 90 1377 96 -
1387 71 1431 104 15
1451 69 1516 116 [A]

615 601 1101 651 PROLOGVS

590 816 864 852 LVXVRIA.
925 816 1128 852 INOPIA

196 904 282 945 LV.
316 903 497 958 Sequere
527 903 606 944 haic
636 917 715 956 me,
746 905 886 958 gnata,
916 905 965 944 ut
994 905 1147 944 munus
1171 903 1362 959 fungaris
1391 905 1521 946 tuom.

196 961 327 1015 <IN.>
361 961 540 1015 Sequor:
571 961 645 1002 sed
674 961 800 1002 finem
832 961 922 1002 fore
954 975 1079 1015 quem
1110 961 1245 1003 dicam
1274 961 1426 1003 nescio.

195 1019 340 1073 (LV.)
370 1018 519 1060 Adest:
551 1033 618 1060 em
648 1019 744 1060 illae
775 1021 874 1060 sunt
904 1019 1041 1060 aedes:
1072 1019 1087 1060 i
1117 1019 1230 1061 intro
1260 1020 1467 1062 nunciam.

195 1077 320 1119 Nunc
350 1078 499 1132 nequis
530 1079 641 1118 erret
670 1078 875 1131 nostrum,
905 1078 1049 1131 paucis
1079 1076 1124 1118 in
1154 1078 1268 1119 uiam

198 1135 425 1190 Dedficam,
457 1136 492 1177 si
524 1135 693 1189 quidem
726 1136 895 1189 operam
927 1136 1023 1177 dare
1053 1135 1316 1190 promittitis.
1503 1146 1523 1177 5

197 1193 322 1235 Nunc
353 1194 486 1249 igitur
516 1194 701 1247 primum
733 1195 839 1247 quae
870 1208 948 1249 ego
980 1194 1060 1235 sim
1091 1196 1134 1235 et
1158 1209 1264 1248 quae
1295 1194 1416 1235 illaec
1446 1194 1526 1235 siet

198 1251 294 1292 Huc
325 1266 431 1305 quae
461 1251 568 1292 {ibiit
598 1252 711 1292 intro
743 1251 891 1307 dicam,
921 1252 958 1293 si
988 1252 1175 1293 animum
1206 1252 1441 1294 aduortitis.

197 1310 390 1351 Primum
419 1310 526 1351 mihi
556 1309 732 1351 Plautus
762 1311 917 1351 nomen
947 1310 1157 1351 Luxuriae
1187 1309 1357 1352 indidit:

199 1368 307 1408 Tum
335 1368 339 1422 Ι
366 1368 475 1409 ὴὲηῡ
505 1368 611 1409 mihi
641 1370 813 1423 gnatam
845 1370 932 1409 esse
962 1368 1101 1409 uoluit
1130 1358 1334 1423 Inopiam.

201 1425 283 1468 Sed
313 1440 360 1467 ea
389 1426 473 1467 huc
504 1426 606 1480 quid
636 1425 848 1468 introierit
878 1427 1048 1480 inpulsu
1078 1440 1183 1482 meo,
1483 1437 1526 1469 10

199 1482 391 1538 Accipite
423 1487 465 1525 et
496 1485 590 1525 date
620 1484 792 1526 uocsuas
823 1485 936 1526 auris
967 1485 1066 1525 dum
1097 1484 1282 1538 eloquor.

198 1541 455 1583 Adulescens
487 1542 699 1596 quidamst
731 1542 808 1596 qui
835 1543 879 1583 in
908 1542 1023 1584 hisce
1054 1542 1220 1584 habitat
1250 1541 1439 1584 aedibus:

199 1599 242 1640 Is
272 1602 361 1641 rem
391 1603 610 1654 paternam
641 1615 708 1641 me
739 1601 942 1642 adiutrice
972 1601 1167 1655 perdidst.

202 1657 409 1707 Quoniam
441 1658 481 1699 ei
510 1659 583 1712 qui
613 1673 679 1700 me
711 1658 841 1700 aleret
869 1658 932 1700 nil
961 1659 1084 1700 uideo
1117 1673 1205 1700 esse
1235 1658 1394 1714 relicui,

201 1715 310 1757 Dedi
343 1716 386 1757 ei
411 1731 547 1757 meam
578 1717 750 1772 gnatam
783 1717 953 1771 quicum
984 1719 1164 1758 aetatem
1195 1717 1347 1772 exigat.
1485 1727 1527 1758 15

299 1845 327 1875 1.
355 1850 497 1876 HACME
530 1843 587 1887 (ac
619 1853 676 1876 me
712 1843 887 1888 Nonius):
919 1854 977 1877 me
1007 1853 1090 1877 mea
1135 1843 1139 1889 Ι
1184 1842 1318 1888 fungas
1349 1843 1494 1878 Nonius
1516 1841 1530 1888 ΙΙ

204 1891 236 1922 2.
264 1887 374 1921 finem
398 1887 476 1922 fore
502 1890 566 1933 (sic
583 1889 633 1933 A)
658 1890 712 1924 vel
736 1889 846 1924 fidem
870 1889 987 1924 forem
1027 1891 1038 1934 ΙΙ
1081 1893 1112 1924 3.
1138 1899 1212 1924 EM:
1237 1889 1332 1923 Hem
1352 1890 1357 1934 1
1378 1897 1530 1924 IINTRO:

203 1933 316 1968 lintro
359 1935 370 1978 ΙΙ
413 1938 443 1969 6.
470 1934 585 1979 igitur
608 1935 768 1979 primum
793 1938 858 1980 (sic
877 1936 925 1981 A)
945 1937 998 1971 vel
1021 1935 1180 1980 primum
1203 1934 1318 1980 igitur
1338 1935 1343 1982 Ι
1364 1944 1530 1970 mLAEc-

204 1989 308 2014 sim:
334 1980 400 2014 illa
425 1981 518 2015 haec
543 1980 635 2015 sciet
660 1983 672 2026 ΙΙ
701 1985 731 2017 7.
757 1991 1010 2018 ADUORTITIS:
1036 1981 1206 2017 auertitis
1227 1984 1233 2027 1
1255 1983 1300 2026 cf.
1325 1983 1376 2017 ad
1397 1993 1428 2017 v.
1449 1985 1495 2017 10
1517 1980 1531 2033 [Ι

204 2029 225 2059 8
240 2037 291 2069 sq.
318 2026 409 2060 mihi
434 2048 480 2052 —
504 2027 598 2061 Tum
623 2027 719 2062 hanc
744 2039 799 2063 om
823 2029 859 2063 A
910 2029 915 2075 Ι
965 2028 1057 2062 mihi
1081 2030 1135 2064 vel
1157 2027 1210 2063 mi
1260 2030 1265 2073 Ι
1319 2027 1414 2062 hanc
1438 2027 1531 2062 mih1

203 2074 381 2116 ganatam
393 2074 447 2108 vel
461 2073 553 2107 mihi
572 2074 668 2108 hanc
687 2076 841 2119 gnatam
859 2077 1028 2120 gnatam:
1049 2081 1501 2120 (PmMUMmeGNATAM
1518 2074 1533 2121 ΙΙ

208 2122 260 2153 10.
282 2125 363 2162 post
387 2131 417 2155 v.
439 2123 462 2154 '7
486 2125 584 2155 extat
608 2121 650 2155 in
669 2122 704 2154 A
726 2122 730 2168 1
754 2132 797 2156 ea
822 2122 893 2156 huc
916 2123 980 2166 (sic
998 2122 1047 2167 A)
1065 2123 1119 2157 vel
1142 2121 1214 2155 huc
1232 2122 1245 2166 ss
1264 2124 1318 2156 11.
1344 2130 1530 2156 UOGIUAS:

205 2164 356 2199 uaciuas
397 2166 402 2211 Ι
442 2176 543 2202 URES
568 2169 614 2211 (et
638 2175 667 2219 A·
690 2179 716 2202 s.
742 2170 787 2212 v.)
830 2170 841 2212 ΙΙ
885 2171 939 2203 14.
971 2168 1006 2203 ei
1030 2167 1093 2212 qui
1118 2178 1175 2202 me
1201 2168 1264 2212 (sic
1289 2167 1338 2212 A)
1361 2168 1415 2203 vel
1437 2178 1495 2202 me
1524 2168 1528 2214 l

207 2213 410 2303 Miissmgpul
434 2223 512 2247 esse
536 2212 687 2257 reliqui:
714 2224 1030 2259 §ESSERELLIQUI
1071 2216 1083 2259 ΙΙ
1125 2218 1179 2249 15.
1205 2223 1366 2249 numm:
1391 2213 1486 2248 Dedi
1511 2224 1530 2248 e

205 2268 244 2292 ve
317 2269 334 2292 e
363 2270 376 2291 1
