1572 2496
628 145 904 182 PRAEFATIO
1392 145 1444 180 IX

91 269 148 275 —
186 244 285 287 409.
335 256 454 287 IDEM
491 245 641 299 spatiis
676 244 825 287 codicis
866 243 1054 297 rescripti
1091 243 1226 298 mayis
1263 243 1449 286 convenit

90 318 216 359 quam
253 315 434 346 ITIDEM.
473 329 529 334 —
573 303 672 347 430.
714 302 836 346 Recte
871 303 1074 345 iudicavit
1108 303 1197 345 iam
1227 302 1446 345 Ricliterus

82 378 127 419 p.
154 366 251 407 602.
291 389 347 394 -
385 363 486 406 454.
524 364 662 406 facere
699 366 748 405 ut
779 363 909 418 (aes)
941 365 1052 404 esset
1083 361 1307 405 Palmerus
1337 362 1447 405 Her-

89 423 213 467 math.
241 427 265 466 t.
292 423 374 466 XI
394 438 439 478 p.
459 427 553 466 316.
587 449 642 454 —
679 423 779 465 471.
811 422 1155 478 ptenolatronica
1185 422 1269 465 Leo
1300 422 1446 465 Herm.

90 487 115 526 t.
142 482 321 526 XVIII
343 497 389 538 p.
409 485 501 526 581.
557 482 930 539 ptenolethrom'ca
959 482 1127 524 Birtius
1165 482 1281 524 Mus.
1314 481 1445 524 Rhen.

89 547 114 586 t.
142 542 228 586 XL
257 557 302 598 p.
322 545 415 586 533.
449 569 505 573 —
540 542 726 586 Ceterum
756 542 921 584 lenutte
952 541 997 584 B
1025 541 1144 584 habet
1180 546 1273 584 teste
1304 541 1448 584 Stude*

89 603 254 646 mvmdo.
287 628 343 632 —
375 602 474 645 490.
513 602 674 645 eredier
702 602 982 657 praetulimus
1015 603 1200 656 formam
1236 605 1275 644 et
1309 602 1449 656 esequi-

89 663 273 706 sitiorem
309 666 348 705 et
382 663 531 717 optime
570 663 830 717 referendam
866 663 924 704 ad
963 662 1086 716 fidem
1131 661 1350 704 lenoniam.
1391 686 1447 690 -—

91 722 190 764 510.
227 736 382 778 porcos
413 722 636 765 Palmerus
671 723 719 764 in
755 722 846 765 edit.
879 721 1030 776 Amph.
1055 736 1101 775 p.
1127 723 1225 764 254.
1260 746 1315 751 ——
1349 720 1447 762 518.

91 781 241 824 obnixi
297 796 444 824 sumus
494 783 782 837 temptavimus
830 781 1000 824 ducibus
1048 780 1157 824 1301
1207 779 1275 838 (cf.
1323 781 1448 823 etiam

22 880 28 882 .
90 841 214 885 Stich.
246 843 313 894 45,
351 840 443 899 al),
480 855 558 896 quo
593 842 800 895 referatur
829 842 1031 884 sententia
1067 842 1126 883 ad
1159 855 1194 883 v.
1221 843 1304 883 504
1323 854 1380 894 sq.
1413 843 1452 882 et

89 903 184 944 512..
229 900 415 945 Ceterum
447 901 551 957 quid
581 900 728 944 BGD.
763 926 818 931 —
851 900 950 943 530.
989 900 1252 943 elabatorem
1283 900 1328 942 B
1356 903 1450 942 teste

89 960 291 1014 IIinckio,
341 961 590 1003 dabatorem
639 964 732 1004 teste
775 960 1065 1003 Studemundo.
1112 986 1167 990 —
1216 960 1314 1003 534.
1360 959 1450 1001 edis

81 1020 269 1076 postulat
306 1019 515 1076 Speiq'erus
558 1019 717 1064 Observ.
756 1024 795 1063 et
835 1021 987 1063 emend.
1023 1034 1065 1074 p.
1092 1024 1118 1062 1
1136 1034 1219 1074 sqq.
1254 1045 1309 1050 —
1349 1019 1449 1061 536.
1507 1016 1510 1017 ’

91 1080 188 1122 588.
231 1078 293 1135 Cf.
319 1080 592 1124 Buechelerus
622 1081 670 1122 in
691 1080 849 1134 Woelff
851 1080 930 1122 lini
954 1079 1079 1122 Arcti.
1108 1084 1131 1122 t.
1153 1080 1185 1122 I
1206 1094 1250 1134 p.
1270 1083 1371 1122 279.
1394 1104 1449 1109 -

87 1139 188 1182 540.
219 1138 281 1194 Cf.
307 1154 412 1194 quae
437 1141 495 1182 ad
517 1140 648 1183 Merc.
674 1155 708 1183 v.
729 1143 815 1182 138
840 1141 1140 1182 adnotavimus.
1169 1165 1224 1169 —
1258 1139 1358 1181 579.
1384 1138 1451 1181 De

91 1214 334 1256 aprugnum
354 1225 410 1229 —
431 1214 643 1255 aprunum
674 1201 723 1254 cf.
755 1199 910 1242 Caesar
932 1214 977 1253 p.
1000 1202 1063 1242 61.
1098 1225 1153 1228 —
1186 1197 1316 1256 N(on)
1347 1202 1451 1242 recte

90 1259 282 1302 Loewius
313 1259 428 1314 leyit:
467 1270 530 1302 ON
568 1259 726 1302 litterae
758 1273 870 1302 nunc
898 1273 984 1302 non
1015 1262 1227 1314 apparent.
1262 1284 1317 1288 -—
1351 1257 1450 1300 587.

90 1317 216 1362 Duas
250 1319 501 1362 recensiones
531 1320 726 1374 confusas
762 1332 846 1362 esse
877 1322 1009 1362 censet
1037 1318 1263 1373 Seyffertus
1295 1317 1351 1375 (si
1388 1318 1452 1359 nil

91 1380 156 1420 est
179 1378 324 1420 litium
350 1382 389 1421 et
417 1378 454 1420 si
478 1381 649 1421 nemost
675 1376 880 1435 quicum).
908 1403 964 1409 —
994 1377 1055 1433 CY.
1083 1378 1283 1421 Sidonius
1307 1377 1450 1432 Apoll.

88 1438 170 1492 Ep.
189 1437 283 1490 V7,
301 1441 334 1481 2
359 1437 424 1495 (hi
456 1440 556 1480 sunt
582 1438 656 1494 qui
686 1438 785 1480 lites
811 1436 990 1495 emunt).
1019 1463 1074 1468 -—
1107 1438 1206 1480 607.
1238 1437 1453 1493 abeamus,

91 1497 165 1540 sed
199 1512 279 1540 uos
320 1523 376 1528 —
415 1496 610 1554 (ADV.)
649 1497 763 1540 Satis
801 1498 1025 1540 dictumst:
1070 1497 1141 1539 abi
1180 1497 1450 1552 Niemeyerus

90 1555 205 1600 Stud.
227 1557 294 1600 Pl.
315 1572 357 1611 p.
377 1561 416 1600 4.
444 1583 500 1588 -
528 1558 626 1601 609.
659 1558 839 1600 fecerint
862 1556 925 1600 ,Β2
947 1559 995 1600 in
1026 1557 1155 1600 litura
1185 1561 1280 1600 teste
1305 1557 1450 1600 Stude-

90 1617 254 1660 mundo.
293 1642 349 1647 ——
391 1618 489 1660 613.
529 1615 626 1660 Ἀθ.
658 1632 741 1672 pro
778 1616 913 1660 ADV.
951 1631 1066 1660 error
1103 1621 1163 1660 est
1202 1618 1250 1659 in
1293 1618 1450 1659 maiore

91 1677 274 1720 editione.
302 1702 358 1707 —
391 1676 490 1719 615.
521 1677 605 1720 isto
630 1692 711 1731 pro
743 1678 853 1719 istuc
881 1679 989 1731 quod
1023 1678 1276 1720 correximus
1307 1676 1448 1719 Stude-

90 1737 292 1779 mundum
313 1750 637 1791 praeoccupasse
667 1738 829 1780 monuit
851 1736 1088 1792 Seyffertus,
1120 1737 1196 1780 etsi
1223 1737 1355 1779 locum
1379 1736 1451 1778 ubi

90 1795 129 1837 is
159 1797 436 1839 emendaverit
468 1810 596 1850 neque
626 1797 791 1839 addidit
823 1811 951 1851 neque
980 1797 1226 1839 invenimus.
1260 1822 1316 1826 —
1350 1796 1447 1838 646.

94 1853 156 1908 ΟΥ.
189 1854 414 1910 Seyffertus
445 1856 572 1900 ‘Bert
599 1857 743 1911 philol.
765 1856 940 1901 Wschr?
973 1871 1011 1899 a.
1032 1860 1145 1899 1884
1175 1871 1220 1910 p.
1241 1859 1365 1899 1093.
1392 1881 1448 1885 —

91 1914 190 1956 648.
216 1915 355 1958 λύκον
375 1917 484 1970 quod
501 1917 745 1970 scripsimus
766 1917 1073 1959 commendatur
1085 1916 1252 1971 proloyi
1272 1931 1307 1958 v.
1320 1918 1379 1958 92
1391 1929 1448 1969 sq.

97 1972 159 2028 Cf.
191 1988 226 2017 v.
251 1977 364 2017 1333
388 1995 444 2010 =
470 1978 595 2019 1382.
629 2001 684 2006 --
719 1977 817 2019 660.
855 1975 944 2018 LY.
975 1975 1127 2018 Itane?
1161 1974 1298 2017 ADV.
1328 1974 1451 2017 Illest

91 2033 278 2091 cupiens,
310 2048 462 2076 aurum
486 2034 618 2077 habet
643 2034 868 2091 Seyffertus
891 2035 1019 2079 Burs.
1038 2035 1197 2078 Annal.
1224 2039 1249 2078 t.
1269 2034 1453 2077 LXXX

84 2107 130 2147 p.
161 2096 261 2136 289.
300 2118 356 2124 —-
397 2095 496 2137 662.
535 2095 661 2137 calim
699 2097 797 2138 duce
827 2096 950 2138 Festo
982 2094 1215 2139 Sckoellius.
1256 2120 1311 2124 —
1351 2095 1448 2137 672.

91 2152 208 2195 Pers.
229 2167 304 2196 om.
325 2153 371 2196 B
393 2157 487 2196 teste
511 2153 743 2198 Ritschelio.
772 2181 827 2185 —
855 2156 952 2197 684.
984 2154 1045 2209 Cf.
1073 2154 1299 2209 Seyffertus
1322 2154 1448 2197 Burs.

90 2212 249 2255 Annal.
282 2217 307 2256 t.
334 2213 420 2255 XL
429 2213 526 2256 VII
548 2228 592 2268 p.
619 2218 711 2256 119.
751 2240 806 2244 —
850 2215 947 2257 690.
985 2213 1056 2256 Ah
1094 2214 1196 2257 delet
1225 2214 1451 2269 Seyffertus

90 2272 196 2314 duas
237 2273 285 2315 in
327 2273 371 2315 A
421 2274 614 2327 confusas
656 2287 739 2317 esse
784 2276 1036 2317 recensiones
1078 2277 1206 2317 ratus.
1275 2274 1359 2317 Sed
1399 2275 1448 2328 cf.

89 2330 239 2374 Bacch.
273 2335 331 2375 87
338 2347 352 2384 ‚·
397 2333 486 2376 Ter.
518 2333 598 2374 Ad.
631 2336 720 2376 342
756 2338 795 2376 et
829 2336 914 2376 597
922 2348 935 2375 .·
975 2335 1084 2376 unde
1123 2335 1171 2376 de
1210 2334 1450 2377 traiciendis

89 2391 222 2434 verbis
266 2390 325 2434 Te
370 2407 394 2434 a
437 2392 595 2434 muscis
641 2394 880 2448 quaeritare
924 2395 1075 2448 coyitat
1115 2393 1349 2436 Schoellius.
1393 2418 1448 2422 —
