1566 2502
181 82 299 117 XVIII
706 81 974 117 PRAEFATIO

185 178 329 218 utrum
367 176 603 216 octonarios
643 190 696 216 an
737 175 936 217 dimetros
979 176 1176 218 exhibeas
1219 192 1340 234 saepe
1382 181 1506 222 certis

182 233 417 275 rationibus
449 234 620 274 definire
651 247 832 287 nequeas
863 237 954 275 tum
992 235 1036 275 in
1072 235 1166 276 aliis
1202 237 1426 292 generibus
1457 239 1506 280 de

184 291 485 332 versiculorum
526 291 796 344 discriptione
837 292 923 332 sive
964 306 1014 332 ex
1056 292 1263 335 librorum
1304 297 1507 338 memoria

182 350 268 390 sive
301 363 351 390 ex
382 351 470 390 arte
502 349 675 389 metrica
712 349 970 390 instituenda
1001 350 1153 392 dubius
1188 351 1370 395 haereas.
1426 353 1507 396 Sed

183 407 310 447 etiam
341 406 432 460 ipsa
462 421 614 461 genera
645 407 769 447 metri
800 406 912 448 haud
943 422 1037 449 raro
1064 408 1226 451 diversa
1255 412 1384 453 statui
1413 427 1506 466 pos-

182 467 280 505 sunt
310 479 445 518 neque
469 479 602 518 pauca
633 465 877 506 admisimus
902 466 947 506 in
970 465 1049 507 hac
1073 466 1255 509 editione
1281 483 1387 523 quae
1411 484 1506 512 cum

183 522 235 562 ab
262 522 355 563 aliis
380 525 472 563 tum
497 538 520 563 a
544 522 667 564 nobis
693 523 812 563 valde
839 523 1084 565 addubitata
1108 525 1203 567 sint.
1244 526 1506 582 Quamquam

181 580 392 621 interdum
439 580 530 634 ipso
574 595 700 634 quem
744 581 889 622 damus
932 585 1157 637 conspectu
1201 584 1505 627 dubitationem

182 640 255 678 aut
285 638 419 678 minui
451 641 524 679 aut
555 639 648 680 tolli
680 639 895 693 sentimus,
930 640 1024 681 ah'is
1054 641 1158 682 locis
1187 642 1506 685 fundamentum

181 696 330 737 saltem
373 696 433 736 sic
475 697 666 750 praeberi
704 697 953 738 confidimus
989 698 1043 739 ad
1077 714 1206 741 novas
1243 702 1507 755 quaestiones

181 754 470 795 instituendae.
525 753 575 795 In
604 755 870 810 designandis
900 757 1047 798 metris
1077 757 1288 800 interdum
1317 762 1506 814 receptos

182 811 385 853 terminos
410 812 691 867 adhibuimus,
723 813 801 854 etsi
826 814 981 855 rationi
1006 816 1203 858 metricae
1227 831 1313 859 non
1335 832 1507 872 prorsus

181 870 470 923 respondeant.

269 926 358 968 Iam
395 928 653 970 laboriosum
691 944 813 984 opuS‚
857 931 969 984 quod
1006 931 1078 972 diu
1113 946 1191 974 nos
1227 933 1380 988 tenuit,
1422 949 1507 975 non

180 1000 404 1039 possumus
440 987 590 1027 melius
626 988 747 1028 finire
779 1003 906 1042 quam
942 989 1105 1031 actione
1141 990 1373 1046 gratiarum
1404 1006 1507 1046 quas

185 1044 392 1098 imprimis
424 1045 461 1085 ei
494 1045 692 1086 debemus
717 1046 785 1087 cui
815 1046 922 1088 hanc
954 1047 1180 1090 editionem
1206 1048 1506 1091 dedicavimus:

180 1100 403 1143 OSCARO
443 1102 749 1145 SEYFFERT.
806 1104 886 1154 Qui
924 1120 947 1146 a
982 1106 1119 1159 prima
1154 1121 1288 1161 usque
1323 1107 1376 1148 ad
1411 1108 1506 1149 ulti-

180 1174 293 1201 mam
334 1160 549 1215 plagulam
593 1162 737 1203 oculos
779 1165 1046 1218 mentemque
1088 1164 1307 1206 intendens
1346 1180 1506 1207 errores

183 1218 377 1273 correxit,
403 1219 686 1261 dubitationes
712 1221 836 1261 modo
856 1222 990 1262 movit
1009 1222 1133 1264 modo
1152 1223 1344 1278 removit,
1369 1223 1505 1266 obser-

180 1276 369 1318 vationes
400 1278 794 1332 emendationesque
826 1279 1032 1334 impertiit
1062 1280 1464 1324 benevolentissime.

267 1356 389 1399 lenae
422 1361 463 1400 et
493 1359 798 1416 Heidelbergae
829 1376 883 1402 m.
909 1359 998 1403 Oct.
1024 1375 1059 1402 a.
1083 1360 1404 1405 MDCCGXCV.

1115 1449 1166 1485 G.
1193 1450 1244 1487 G·-
1303 1450 1352 1486 F.
1378 1450 1419 1486 S.
