1572 2496
563 625 1011 677 PRAEFATIO

199 836 341 880 Notae
373 835 529 892 quibus
560 835 606 876 in
636 834 716 876 hac
749 834 935 876 editione
967 833 1132 875 utimur
1162 831 1242 874 hae
1275 833 1396 873 sunt:

203 896 207 954 Ι
242 896 296 939 ad
326 895 589 938 denotandos
619 894 764 944 hiatus
795 908 883 936 non
914 893 1143 950 legitimos.

199 957 231 1012 ’1-
261 955 315 998 ad
351 955 639 1010 corruptelam
677 954 766 996 sive
798 953 1030 996 verborum
1067 952 1156 994 sive
1194 951 1322 993 metri
1360 949 1470 992 indi-

3 1022 17 1076 {⁹
31 1018 44 1027 ‘
108 1016 299 1059 caudam.

47 1971 50 1974 ⁴
118 1930 270 1966 fabulas
290 1929 330 1965 in
349 1929 484 1974 quibus
505 1929 707 1975 singularis
727 1930 784 1965 est
803 1928 975 1964 condicio
997 1928 1046 1963 ad
1066 1926 1196 1972 dialog

201 1092 223 1116 »ι
255 1075 310 1118 ad
340 1075 513 1117 lacunas
544 1073 774 1130 signandas
807 1071 910 1130 (nisi
942 1086 1084 1114 moras
1117 1070 1361 1113 deficientes
1392 1083 1472 1125 per

111 1165 134 1180 0
166 1138 209 1178 et
242 1175 263 1180 ,
294 1131 602 1190 apposuimus).

203 1194 252 1251 []
291 1194 345 1236 ad
382 1193 580 1236 delendas
621 1193 788 1235 litteras
831 1190 1018 1246 syllabas
1056 1204 1181 1232 voces
1218 1203 1423 1245 personas
1435 1187 1470 1245 ¹)

112 1269 338 1311 perperam
368 1253 549 1295 traditas
579 1252 816 1294 maioresve
848 1250 1215 1306 interpolationes.

203 1311 254 1371 ()
291 1313 345 1355 ad
381 1312 659 1355 secludendos
697 1326 844 1353 versus
882 1325 934 1353 ex
973 1308 1267 1366 dittographia
1304 1307 1374 1350 vel
1411 1321 1472 1350 re-

112 1373 370 1416 tractatione
402 1372 593 1414 scaenica
625 1374 754 1414 ortos.

203 1434 230 1487 <
244 1434 271 1488 >
303 1433 358 1474 ad
388 1431 679 1489 insigniendas
710 1431 878 1472 litteras
903 1428 1091 1484 syllabas
1117 1443 1242 1471 voces
1267 1441 1473 1483 personas

114 1495 264 1536 contra
294 1492 430 1534 libros
461 1492 692 1547 suppletas.

211 1558 255 1601 ssss
282 1552 336 1594 ad
357 1551 698 1594 adumbrandum
718 1547 963 1607 (personae)
983 1548 1172 1604 spatium
1192 1548 1238 1589 in
1259 1547 1474 1589 librorum

115 1612 340 1668 scriptura.
573 1651 587 1658 ,

206 1671 249 1714 Α
279 1670 438 1714 codicis
468 1670 666 1725 rescripti
694 1668 972 1711 Ambrosiani
1003 1667 1238 1723 scripturas
1270 1664 1397 1723 (quas
1430 1665 1477 1707 in

115 1730 308 1773 Poenulo
341 1745 394 1773 ex
423 1733 546 1785 parte
577 1729 827 1772 retractavit
838 1727 873 1785 2)
910 1725 1132 1784 Goetzius)
1168 1726 1327 1768 litteris
1362 1725 1476 1781 capi-

218 1886 251 1928 1)
276 1882 331 1918 De
350 1882 518 1928 personis
544 1881 722 1917 notandis
747 1880 982 1927 respicienda
1010 1881 1097 1914 sunt
1117 1889 1214 1924 quae
1235 1878 1286 1913 ad
1306 1877 1476 1923 singulas

1199 1903 1305 1961 (frum
1323 1924 1477 1960 initium

118 1977 397 2024 adscripsimus.
739 2005 741 2007 ,

216 2027 252 2071 2)
276 2025 332 2061 De
352 2035 466 2071 opera
490 2026 619 2059 nostra
644 2024 684 2059 in
703 2024 740 2060 Α
764 2024 890 2070 posita
917 2023 1023 2059 cuius
1050 2022 1233 2057 iudicium
1257 2019 1477 2067 perstrinxi-

0 2091 4 2094 >
54 2086 64 2120 j⁸
118 2085 202 2109 mus
233 2073 274 2108 in
303 2072 420 2119 praef.
447 2072 537 2107 fasc.
564 2072 615 2107 IV
640 2084 675 2117 p.
699 2072 837 2116 svsq„
870 2071 902 2106 is
934 2081 1053 2117 nuper
1084 2068 1280 2115 respondit
1310 2068 1351 2103 in
1381 2067 1478 2103 rela-

118 2120 287 2157 tionibus
315 2119 509 2156 societatis
536 2119 795 2165 Gottingensis
822 2130 855 2156 a.
876 2122 967 2154 1895
993 2131 1028 2164 p.
1045 2121 1125 2153 115.
1165 2116 1234 2152 Cui
1259 2127 1344 2151 cum
1369 2115 1479 2161 plura.

57 2166 61 2207 ἶ
120 2168 345 2215 opponenda
377 2167 470 2211 sint,
502 2179 619 2202 unum
647 2167 811 2202 sufficiat
836 2166 938 2212 quod
962 2167 1063 2201 recte
1089 2176 1158 2200 nos
1183 2163 1479 2210 praestrigiandi

60 2216 63 2235 ³
121 2218 243 2252 artem
280 2215 315 2251 ei
351 2215 530 2251 tribuisse
569 2214 691 2250 denuo
725 2214 869 2261 probet.
921 2213 1074 2250 Scilicet
1105 2212 1151 2247 de
1184 2211 1326 2248 Cistell.
1354 2223 1387 2248 v.
1409 2214 1480 2247 450

75 2267 78 2271 ’
120 2263 281 2300 testanti
301 2263 487 2300 Schoellio
508 2262 621 2298 fidem
645 2262 730 2298 ideo
751 2262 1009 2308 derogandam
1035 2271 1116 2296 esse
1142 2259 1350 2305 contendit,
1378 2258 1480 2304 quod

62 2314 65 2315 ’
121 2313 400 2402 ὅηθοοοιιραὺε,
431 2321 476 2346 ex
508 2309 768 2356 supplemento
802 2321 868 2345 suo
903 2310 1029 2345 mente
1062 2307 1231 2344 codicem
1260 2306 1479 2353 inspexerit.

157 2359 233 2394 uod
263 2359 362 2394 unde
393 2358 510 2394 habet
541 2359 608 2394 aut
640 2357 733 2393 scire
766 2369 804 2393 se
830 2368 939 2404 posse
972 2356 1121 2392 credere
1148 2355 1299 2392 omnino
1325 2354 1481 2401 potuit?

1223 2416 1269 2451 a*
