1572 2496
17 0 172 136 ἔνιοι.
191 102 333 135 21-50
518 96 696 133 PLAVTI
720 95 977 133 POENVLvs
1343 97 1426 139 131

21 169 27 191 1

71 196 161 239 Diu
192 196 271 252 qul‘
299 195 414 238 domi
447 195 575 238 otiesi
608 194 884 250 dormierunt,
917 194 1036 236 decet

72 256 232 298 Animo
264 257 400 311 aequo
431 269 545 297 nuno
577 257 692 297 stent
721 254 792 296 uel
823 254 1008 296 dormire
1041 254 1292 309 temperent.

75 315 203 359 Serus
229 330 282 358 ne
314 314 550 370 obsideant,
580 314 729 357 h'beris
760 317 809 356 ut
840 313 898 356 sit
928 314 1059 369 loeus,

71 374 154 418 Vel
185 376 270 417 aes.
285 389 363 430 pro
395 375 534 430 capite
567 374 680 416 dent.
728 374 764 415 si
796 373 840 415 id
869 373 1008 415 faeere
1039 374 1126 415 nen
1159 376 1333 430 queunt,

72 434 261 477 Domum
292 434 459 490 ebeant,
490 434 632 476 uitent
661 433 838 489 eneipiti
870 433 1126 475 infortunio:
1382 444 1428 476 25

71 493 139 538 Ne
171 497 214 536 et
244 493 314 536 hi'o
346 494 568 535 uarientur
598 493 735 550 uirgis
767 495 810 535 et
840 492 945 534 loris
977 493 1106 548 domi,

74 553 119 596 Si
151 554 294 596 minus
325 554 608 608 cura<s>sint‚
640 553 771 608 quem
803 553 864 594 eri
895 552 1179 608 <re>ueniant
1210 552 1397 595 domum.

70 612 274 656 Nutn'ees
305 627 460 669 pueros
491 611 670 654 infantis
702 612 938 655 minutulos

70 672 206 715 Dom1'
233 673 320 728 [ut]
351 675 583 728 procurent
616 672 823 728 neu[qu]e
855 674 1094 727 spectatum
1125 671 1397 727 edfera<n>t1

69 731 137 776 Ne
169 735 211 775 et
241 732 359 788 spsae
390 732 541 774 sitiant
572 733 615 774 et
645 732 767 787 pueri
798 732 985 787 peritent
1015 731 1140 786 fame,
1381 744 1427 775 30

69 791 191 835 Neue
223 792 456 834 esurientes
487 791 558 833 hic
591 792 712 846 quasi
743 791 926 846 <h>aedi
959 790 1204 847 obuagiant.

70 850 292 894 Matrenae
324 851 478 893 tacitae
510 852 714 906 spectent,
746 851 900 893 tacitae
932 850 1116 892 rideant:

72 910 238 953 Canera
267 911 338 953 hic
370 925 474 953 uoce
505 911 582 952 sua
613 911 772 952 tinnire
803 911 1054 966 temperent,

70 970 259 1013 Domum
289 985 506 1013 sermones
538 970 758 1012 fabulandi
791 970 1029 1012 censerant:

69 1029 136 1074 Ne
167 1033 211 1072 et
240 1030 311 1072 hic
343 1030 449 1072 uiris
480 1030 568 1072 sint
599 1031 641 1071 et
674 1029 789 1071 domi
820 1030 1053 1072 molestiae.
1380 1041 1425 1073 35

71 1089 278 1145 Quodque
309 1090 363 1132 ad
393 1090 595 1132 ludorum
625 1092 842 1131 curatores
873 1089 1039 1144 attinet,

67 1148 136 1193 Ne
166 1149 310 1205 pelma
341 1149 466 1191 detur
497 1149 730 1204 quosquam
762 1149 917 1190 artifici
948 1148 1117 1204 injuria,

67 1208 190 1252 Neue
222 1208 471 1251 ambitionis
502 1211 628 1250 eausa
659 1208 941 1250 extrudantur
971 1208 1098 1263 foras,

70 1267 164 1319 Quo
197 1268 428 1310 deteriores
459 1269 775 1323 enteponantur
805 1268 941 1310 bonis.

68 1326 129 1370 Et
159 1327 241 1370 hee
273 1342 442 1383 quoque
475 1329 617 1383 etiam,
650 1328 765 1382 qued
795 1342 928 1383 paene
960 1327 1122 1369 oblitus
1153 1327 1234 1369 fui:
1379 1339 1426 1371 40

68 1386 184 1429 Dum
215 1387 306 1430 hidj
337 1387 460 1443 fiunt,
490 1387 535 1429 su
567 1388 784 1443 popinam,
815 1387 1050 1443 pedisequi,

31 1449 37 1476 ’ἓ
68 1445 365 1502 Inruptionem
397 1447 542 1489 facite:
573 1461 685 1488 nunc
718 1447 819 1488 dum
852 1447 1071 1502 oeezisiost,

68 1505 196 1550 Nune
227 1507 329 1548 dlim
359 1506 593 1549 seribilitae
622 1507 627 1562 Ι
656 1508 864 1562 aestuant,
896 1507 1118 1548 occurrite.

30 1563 34 1606 Ϊ
69 1565 187 1608 Haeo
219 1581 327 1622 quae
358 1566 568 1622 imperata
598 1569 698 1608 siint
730 1581 807 1622 pro
840 1566 1020 1622 imperio
1050 1566 1055 1620 Ι
1083 1566 1275 1622 histrico,

69 1624 239 1668 Bonum
269 1625 412 1668 hercle
442 1626 604 1668 factum
635 1626 714 1681 pro'
740 1641 784 1667 se
810 1626 991 1681 quisque
1017 1629 1066 1668 ut
1091 1626 1346 1668 meminerit.
1377 1637 1425 1669 45

29 1684 39 1690 ‘
67 1683 138 1727 Ad
169 1685 467 1742 ergumentum
500 1689 612 1727 nune
644 1686 880 1727 uicissatsm
911 1686 1012 1728 uolo

69 1743 332 1801 Remigrsire,
363 1747 412 1786 ut
443 1760 575 1800 aeque
606 1747 774 1787 mecum
805 1746 900 1787 sitis
931 1746 1148 1801 gnerures.

69 1802 177 1846 Eius
206 1806 320 1845 nune
351 1804 560 1860 regiones,
590 1804 762 1860 limites,
794 1805 982 1846 confinia

26 1861 394 1933 {Determinabm
427 1863 465 1904 ei
497 1864 558 1905 rei
590 1865 669 1920 ego
701 1865 848 1906 finitor
879 1865 1017 1906 fectus
1048 1879 1155 1906 sum.

28 1926 47 1984 3⁴
71 1921 155 1965 Sed
185 1922 269 1965 m‘si
300 1922 583 1978 molestumst,
614 1924 840 1979 116[n]men
873 1924 971 1965 dare
1003 1924 1128 1966 uobis
1160 1923 1260 1966 uolo
1377 1935 1423 1967 50

43 2094 46 2095 γ
166 2066 222 2098 27.
248 2073 287 2098 re
312 2063 388 2098 add
413 2063 471 2098 Bo
520 2064 532 2108 ΙΙ
581 2066 636 2098 28.
663 2063 867 2100 minutulos
899 2065 954 2101 vel
983 2064 1178 2099 minitulos
1221 2066 1233 2110 Η
1283 2068 1338 2100 29.
1366 2065 1425 2100 del

31 2128 42 2147 υ.
71 2109 130 2157 Py
165 2112 178 2157 ΙΙ
214 2114 270 2146 30.
296 2112 449 2155 pertant
471 2111 527 2146 vel
550 2113 722 2155 pereant:
749 2123 830 2148 corr
853 2124 898 2148 eat
922 2114 1065 2148 membr.
1098 2113 1208 2147 Turn.
1241 2114 1253 2156 ΙΙ
1284 2115 1340 2148 32.
1366 2123 1423 2147 re-

31 2167 56 2194 r.
71 2156 179 2194 aiant
201 2159 257 2194 vel
281 2158 437 2193 redeant
461 2160 473 2204 ΙΙ
501 2161 556 2194 33.
583 2158 730 2194 Lanora
754 2161 808 2195 vel
834 2171 950 2195 onara
975 2171 1003 2196 e.
1030 2164 1122 2205 spat.
1143 2160 1244 2194 inita
1263 2170 1346 2196 corr
1363 2160 1423 2195 D2

42 2243 47 2259 ἱ
69 2205 202 2258 injus.
233 2207 246 2251 Ι]
276 2209 331 2241 36.
359 2205 409 2240 ad
434 2205 608 2240 ludorum
631 2207 687 2242 vel
711 2206 883 2242 ludorum
908 2209 920 2253 ΙΙ
938 2211 995 2242 43.
1023 2206 1229 2242 scribilitae
1253 2208 1308 2243 vel
1333 2207 1422 2242 scri-

47 2287 49 2289 ,
70 2250 189 2288 bhtae
237 2255 250 2299 ΙΙ
297 2256 354 2288 47.
379 2253 597 2299 Remigrare
623 2255 677 2289 vel
701 2254 898 2300 Remigare
933 2256 937 2302 Ι
970 2254 1033 2290 siti
1060 2253 1168 2300 signa
1193 2264 1313 2291 rures:
1339 2266 1421 2292 corr

43 2303 46 2307 '
71 2310 117 2336 a
139 2301 281 2337 membr.
313 2301 424 2337 Turn.
469 2302 481 2346 ΙΙ
526 2305 583 2338 49.
610 2300 690 2335 eius
715 2302 863 2338 Nonius
885 2303 889 2349 Ι
912 2314 994 2337 sum
1020 2304 1090 2347 (om
1115 2302 1166 2347 B)
1191 2301 1313 2337 factus
1339 2302 1420 2337 fini-

32 2378 39 2384 .
72 2347 132 2382 tor
156 2349 253 2393 (item
278 2348 455 2394 Nonum:
481 2350 557 2384 traz'
582 2349 753 2385 Muretus
770 2351 783 2395 ΙΙ
802 2353 857 2386 50.
884 2350 1084 2385 molestum
1110 2349 1141 2384 si
1160 2351 1172 2395 ΙΙ

1090 2408 1137 2443 9*
