1598 2540
641 96 918 133 PRAEFATIO
1429 95 1462 130 V

113 191 247 236 Valer.
273 192 364 236 Cat.
388 207 434 247 Ρ.
454 192 542 251 45).
585 193 647 236 At
678 195 770 248 ipsa
795 194 945 249 ‘fama’
970 195 1160 248 quamvis
1190 197 1292 237 reete
1323 194 1464 237 ‘male-

104 252 215 295 dica'
246 253 420 305 dicatur,
453 254 636 307 ‘famam
663 255 774 308 ferre
805 253 1071 296 maledicam'
1104 255 1186 296 diei
1216 255 1288 296 νέω
1313 256 1463 308 potuit.

105 335 162 342 —
201 311 298 354 207.
340 312 402 366 (ff.
437 313 574 367 praef.
611 311 726 367 Capi.
763 327 808 367 Ρ.
841 313 996 355 XXII
1021 315 1117 356 adii.
1156 338 1214 344 —
1258 314 1356 356 233.
1399 313 1462 367 Cf.

18 412 19 415 ,
105 370 330 426 Seyffertus
359 373 407 414 iri
430 372 557 415 Burs.
583 372 742 414 Annal.
769 377 794 414 t.
815 372 900 414 XL
910 373 1007 416 VII
1021 381 1067 427 Ρ.
1089 376 1153 415 61.
1181 398 1236 403 -
1270 373 1368 416 245.
1399 373 1462 427 Cf.

109 429 311 485 Georyius
341 432 390 474 de
421 430 566 474 Sabler
597 433 644 474 iii
675 432 825 474 Kulmi
849 432 969 474 Actis
1001 436 1025 474 t.
1053 432 1228 474 XXXI
1252 430 1309 489 (a.
1330 431 1462 490 1890)

95 499 145 544 Ρ.’
166 493 255 533 274
280 504 338 544 sq.
377 489 444 548 (de
481 491 656 533 cuculus
688 512 744 526 =
774 490 1068 548 p(e)ou-culus
1106 492 1116 510 ³
1129 492 1382 544 Vieksteiss',
1426 493 1465 534 si

105 550 171 592 dis
195 548 363 607 placet).
390 576 447 580 —
480 551 577 593 249.
609 551 805 594 Fortasse
828 555 1019 605 praestat
1047 551 1098 593 m'
1123 552 1252 593 etiam
1279 551 1464 607 amplias

107 607 201 666 (A).
245 634 304 640 —-
348 610 433 652 252
460 625 551 665 sqq.
593 609 655 664 Cf.
689 610 887 653 Klotzius
921 625 966 664 Ρ.
993 614 1080 654 412
1103 626 1161 665 sq.
1194 615 1233 654 et
1267 614 1362 654 502.
1407 637 1464 641 ——

106 669 203 711 262.
240 669 301 723 Cf.
335 670 632 712 Niemoellerus
663 671 711 712 cle
747 685 850 710 IDEM
886 674 924 712 et
958 685 1068 710 IPSUS
1096 685 1219 725 pron.
1247 686 1292 724 Ρ.
1312 673 1380 714 12.
1405 696 1465 701 -

106 728 204 769 312.
237 728 572 783 Improbabiliter
602 730 709 771 hune
739 744 773 771 v.
799 729 974 784 Lysiteli
1005 730 1150 772 tribuit
1179 730 1230 773 N
1234 732 1464 785 iemeyerus,

101 788 225 841 quasi
250 788 380 831 istaec
406 803 486 846 ego
513 789 571 831 acl
591 789 700 831 haim
723 804 758 831 v.
785 790 919 831 solam
942 793 1122 843 spectare
1146 791 1290 843 possit.
1324 790 1464 832 Antea

103 848 147 888 te
178 847 239 889 ita
267 847 272 903 Ι
299 849 390 890 esse
422 848 591 890 tolerari
621 848 765 890 saltem
787 853 931 902 potest,
963 851 1154 902 quamvis
1184 851 1257 892 vix
1286 864 1385 892 vera
1408 851 1465 892 sit

103 920 310 949 mensura.
363 906 548 950 Ceteram
592 909 641 961 ef.
674 908 898 962 Lcmyenus
936 908 1052 951 Stud.
1085 908 1152 951 Pl.
1190 923 1235 963 Ρ.
1268 912 1367 951 374.
1407 928 1463 939 -·-

105 965 191 1008 326
218 965 276 1023 (et
306 965 424 1024 359).
455 967 576 1009 Adde
600 967 810 1009 Baebium
841 968 864 1009 l.
885 981 915 1010 s.
936 981 966 1010 s.
991 983 1037 1022 Ρ.
1057 972 1152 1011 188.
1180 994 1236 998 -
1270 969 1367 1011 358.
1399 968 1461 1022 Cf.

102 1025 318 1068 Ausonius
350 1030 457 1081 yrat.
490 1030 564 1068 aet.
598 1026 750 1069 XVII
777 1030 832 1068 77
864 1026 1080 1084 Castorum
1117 1032 1330 1082 egestatem
1369 1029 1462 1071 tole-

102 1083 247 1141 rafre').
279 1110 336 1115 —
369 1087 467 1129 361.
503 1085 565 1139 Cf.
597 1086 780 1129 Baz‘erus
812 1088 859 1129 (le
883 1087 927 1129 A
953 1091 989 1130 et
1014 1087 1058 1129 P
1078 1102 1123 1141 Ρ.
1151 1091 1246 1130 176.
1271 1113 1330 1118 -
1363 1089 1462 1131 368.

107 1143 170 1198 Cf.
191 1144 418 1199 Lariyeizus
437 1160 482 1199 Ρ.
503 1148 587 1187 375
606 1160 686 1199 sa:
718 1147 790 1199 qai
815 1147 925 1199 quocl
948 1147 1111 1200 aliquid
1135 1148 1281 1190 tribuit
1303 1148 1463 1190 diverso

103 1204 175 1257 qui
206 1205 252 1246 in
277 1204 395 1247 libris
419 1205 514 1247 huie
544 1220 578 1247 v.
604 1209 663 1248 est
693 1206 786 1256 loeo,
818 1206 996 1260 neglexit
1020 1208 1296 1249 neeessariam
1327 1221 1459 1250 nec-es-

102 1264 210 1305 sarii
251 1265 322 1317 qai
366 1265 595 1318 insequitar
634 1280 668 1307 v.
702 1266 996 1318 traiectionem,
1040 1281 1144 1319 quae
1187 1271 1324 1320 aperte
1368 1281 1460 1309 eam

103 1323 227 1365 huius
257 1338 293 1366 v.
318 1325 553 1367 traiectione
583 1325 775 1367 cohaeret.
805 1349 854 1354 -—
888 1326 986 1367 375.
1019 1325 1218 1380 <QuidP>
1244 1326 1334 1368 sine
1362 1327 1461 1368 dote

106 1382 386 1438 Niemeyems,
404 1397 637 1437 perperam.
669 1384 731 1437 Cf.
746 1384 795 1426 K
800 1385 944 1427 lotzius
958 1399 1003 1439 Ρ.
1015 1389 1105 1428 111.
1121 1411 1175 1415 —-
1192 1386 1290 1428 378.
1310 1385 1462 1443 Egone

103 1443 146 1483 te
183 1441 420 1484 indotatam
458 1443 705 1497 Kaempfius
743 1445 790 1486 cle
824 1458 947 1498 pron.
981 1459 1025 1498 Ρ.
1052 1448 1119 1486 46.
1159 1471 1214 1475 -
1258 1445 1356 1488 386.
1399 1445 1462 1499 Cf.

105 1499 344 1544 Skutschius
375 1502 574 1545 ‘Forsehf
602 1503 635 1545 I
659 1517 701 1556 Ρ.
725 1506 806 1545 150
828 1517 885 1557 sq.
918 1529 973 1533 ——
1008 1504 1105 1546 394.
1142 1504 1203 1558 Cfi
1237 1504 1463 1560 Seyffertus

105 1560 233 1603 ‘Berl
262 1562 405 1615 philol.
429 1562 602 1606 Wsehr.’
635 1577 672 1604 a.
699 1565 810 1605 1885
839 1577 884 1616 Ρ.
910 1567 977 1605 41.
1010 1589 1066 1593 -
1098 1565 1197 1606 413.
1232 1564 1299 1607 De
1331 1564 1462 1607 demi-

104 1620 180 1661 nui
216 1621 277 1662 vel
314 1621 479 1663 detraxi
516 1623 707 1676 eoyitavit
742 1622 966 1665 Schoellius
1002 1624 1087 1665 coll.
1117 1624 1236 1666 Trae.
1268 1626 1350 1666 561
1381 1639 1461 1678 sq..·

107 1682 210 1721 certe
234 1681 282 1722 de
308 1679 459 1737 Qui(d)
487 1681 601 1736 quod
627 1682 706 1738 ego
733 1696 929 1724 mensura
954 1684 1126 1737 eoqitari
1151 1684 1222 1725 ria·
1240 1687 1383 1737 potest.
1405 1710 1461 1713 —

105 1738 194 1779 414
219 1753 280 1793 sq.
318 1738 594 1793 Offensionem
630 1741 776 1783 horam
812 1755 1003 1784 versuum
1041 1743 1162 1784 auxit
1191 1743 1462 1797 Niemeyerus

107 1799 302 1840 traiciens
330 1802 429 1852 post
462 1814 496 1841 v.
524 1803 607 1842 419
640 1799 726 1856 (eui
756 1801 955 1854 paralleli
991 1802 1072 1844 visi
1108 1806 1207 1844 sarit
1243 1801 1372 1859 aliis).
1406 1828 1462 1832 —

105 1857 204 1899 425.
262 1857 510 1913 Trapezitae
565 1859 683 1901 mille
740 1860 1171 1915 drachum<ul>arum
1228 1861 1463 1916 Seyffertzts.

110 1915 224 1959 Certe
243 1931 384 1959 versus
402 1921 449 1959 ut
468 1919 646 1960 traditus
665 1922 724 1961 est
745 1919 912 1961 tolerari
933 1922 1083 1973 nequit.
1106 1945 1160 1950 —
1181 1920 1281 1964 458.
1303 1921 1464 1977 Philto,

107 1975 224 2017 aliud
255 1991 323 2018 me
349 1977 417 2018 uis
441 1977 502 2019 vel
534 1977 651 2018 aliud
675 1978 753 2033 uis,
784 1977 931 2020 Philto
958 1978 1202 2022 Reclslobius
1228 1981 1300 2022 ‘N
1317 1981 1462 2034 philol.

105 2034 272 2078 Rdsch?
300 2050 337 2078 a.
357 2038 469 2078 1885
492 2051 537 2090 Ρ.
561 2039 658 2078 782.
686 2062 741 2066 -
773 2038 872 2079 466.
902 2037 965 2092 Cf.
990 2038 1239 2093 Kaempfius
1269 2041 1318 2082 de
1339 2054 1462 2094 pron.

97 2109 142 2148 Ρ.
168 2098 238 2137 26.
272 2120 327 2125 —
367 2095 466 2138 515.
507 2094 569 2149 Cf.
602 2095 826 2150 Seyffertus
858 2097 883 2138 l.
908 2111 940 2139 s.
965 2111 996 2139 s.
1027 2112 1071 2151 Ρ.
1098 2101 1158 2140 42
1196 2097 1463 2155 (Kaempfius

98 2167 144 2207 Ρ.
165 2157 232 2205 43,
265 2154 520 2197 Schraderus
548 2155 596 2197 de
624 2169 691 2195 -NE
717 2157 868 2209 partie.
892 2170 939 2210 Ρ.
958 2160 1010 2198 15
1032 2156 1189 2214 [269]).
1217 2183 1273 2187 -
1299 2158 1383 2201 527
1401 2174 1463 2214 sq.

110 2212 228 2266 Quod
254 2214 326 2257 hos
357 2229 392 2257 v.
416 2218 514 2268 post
542 2229 578 2256 v.
599 2216 684 2256 532
715 2215 923 2258 collocavit
954 2215 1178 2259 Schoellius
1210 2216 1290 2274 (vel
1319 2219 1358 2260 si
1381 2233 1462 2272 Ρνο

103 2272 318 2326 parallelis
372 2273 613 2325 habeantur,
668 2275 777 2327 quod
829 2275 960 2317 demto
1009 2276 1191 2330 defendit
1237 2277 1462 2332 Laiiyerius

99 2345 145 2386 Ρ.
175 2331 280 2390 376)
313 2337 350 2375 et
380 2333 647 2388 Niemeyerus
680 2335 798 2376 tacite
827 2335 976 2388 recepit
1011 2338 1050 2377 et
1078 2334 1303 2390 Seyffertus
1333 2337 1461 2380 Burs.
