1572 2496
31 65 33 79 ²
54 83 110 120 111
122 87 156 131 4,
171 85 600 120 18—28.30.29.31—35
610 82 671 129 [20
685 82 735 129 A]
781 80 1039 117 POENVLVS
1324 80 1408 122 167

55 179 148 224 AG.
182 180 305 236 Quid,
337 179 378 222 ss
404 180 564 222 recenti
595 194 640 221 re
672 178 787 220 aedis
817 178 1011 234 pultem?
1072 176 1208 220 ADV.
1237 176 1409 220 Censeo.

55 239 148 284 AG.
182 239 229 283 Si
258 239 434 296 pultem,
466 254 554 281 non
583 238 801 281 recludet?
855 236 991 279 ADV.
1022 237 1182 279 Panem
1207 237 1410 294 frangito.

57 298 150 342 AG.
177 298 223 342 Si
249 299 401 342 exserit
426 299 535 354 leno,
561 297 772 354 censen[t]
797 297 1015 340 hominem
1035 298 1309 354 interrogem,
1342 309 1410 340 730

57 358 181 402 Meus
212 360 358 401 seruos
394 358 468 414 [81]
502 358 555 400 ad
586 373 683 400 eum
707 357 958 399 ueneritne?
1012 356 1147 399 ADV.
1175 356 1411 412 Qusppini‘?

58 418 150 462 AG.
202 418 310 461 Cum
353 417 449 460 auri
490 418 682 460 ducentis
729 417 916 459 nummis
958 415 1203 472 Philippis?
1276 415 1411 459 ADV.

1057 476 1293 531 Quippini‘?

60 536 153 581 AG.
197 537 265 580 Ibi
306 537 522 593 extemplo
558 538 654 578 leno
700 536 871 578 errabit.
936 534 1072 578 ADV.
1118 535 1210 586 Qua
1249 536 1299 577 de
1338 535 1413 578 re?

1054 594 1145 638 AG.
1177 595 1352 652 Rogas?

58 656 169 708 Quia
206 658 377 699 centum
418 656 606 698 nummis
637 655 779 697 minus
812 655 1075 712 diee[re]tur.
1130 654 1266 697 ADV.
1297 655 1413 697 Bene

1054 717 1190 770 putas.

56 774 150 818 AG.
180 774 329 818 Alium
361 775 550 817 censebit
582 774 826 830 quaeritari.
881 774 1015 817 ADV.
1050 774 1234 817 Sessieet.
1346 785 1413 817 735

57 834 150 878 AG.
182 835 414 890 Extemplo
447 834 686 891 denegabit.
741 833 875 876 ADV.
907 833 1077 876 Iuratus
1110 834 1294 889 quidem.

58 894 150 938 AG.
182 894 325 938 Homo
357 894 463 936 furti
489 909 578 936 sese
605 893 842 983 adstringet
869 919 924 923 ——
949 893 1084 936 ADV.
1110 893 1209 935 Hau
1236 893 1415 935 dubium

1055 953 1100 995 sd
1133 953 1357 1008 quidemst.

60 1012 153 1056 AG.
198 1012 626 1068 Quantumquantum
669 1013 721 1054 ad
759 1028 854 1055 eum
894 1012 976 1055 erit
1014 1013 1212 1055 delatum.
1280 1011 1418 1054 ADV.

61 1131 153 1175 AG.
185 1131 264 1174 Ibo
297 1133 339 1174 et
369 1131 548 1187 pultabo
581 1131 781 1173 ianuam?
836 1072 1341 1187 ADV.Ita?u‹{usgigi1{i?

62 1191 154 1234 AG
186 1191 404 1246 Diespiter
434 1206 512 1233 uos
543 1191 724 1246 perduit.
781 1189 916 1233 ADV.
949 1191 1007 1233 Te
1040 1191 1267 1246 quippini?
1348 1202 1416 1234 740

61 1250 154 1294 AG
187 1251 372 1293 Tacendi
403 1253 572 1306 tempus
604 1251 684 1292 est:
716 1266 816 1292 nam
849 1254 1105 1306 crepuerunt
1136 1251 1261 1293 fores.

62 1310 196 1354 Foras
229 1310 420 1367 egredier
450 1309 575 1352 uideo
608 1310 804 1352 lenonem
836 1309 1012 1365 Lycum.

63 1369 223 1413 Adeste
256 1385 423 1425 quaeso.
479 1368 613 1411 ADV.
648 1369 883 1425 Quippini?
914 1370 975 1411 †si
1007 1370 1126 1411 110188

65 1429 244 1486 Operl're
275 1429 426 1485 capita,
456 1430 510 1471 ne‘
541 1444 619 1471 nos
650 1430 746 1471 leno
777 1430 960 1486 n6uerit‚

66 1489 150 1540 Qui
181 1488 251 1531 ills
277 1490 413 1531 malae
446 1489 563 1544 [i]rei
594 1489 737 1531 tantae
769 1489 929 1531 fuimus
960 1489 1120 1531 snlioes.
1350 1499 1418 1532 745

163 1645 240 1677 730.
268 1643 312 1686 cf.
339 1643 388 1677 ad
415 1643 488 1677 706
511 1643 515 1686 Ι
538 1643 691 1676 censent
715 1643 770 1677 vel
795 1641 955 1676 censerit
974 1643 1069 1687 (corr
1088 1642 1176 1687 Bo):
1198 1650 1388 1682 QUDTUM
1408 1640 1420 1688 ΙΙ

68 1692 148 1725 731.
175 1689 207 1724 81
224 1690 279 1725 vel
303 1689 334 1725 i.
361 1690 418 1724 del
439 1689 492 1724 Ru·
510 1690 522 1734 ΙΙ
543 1692 621 1724 732.
649 1688 769 1731 Quom
786 1690 842 1724 vel
861 1688 952 1724 Cum
971 1690 982 1734 ΙΙ
1003 1693 1082 1725 733.
1110 1687 1251 1723 errabit
1269 1689 1324 1724 vel
1343 1699 1419 1723 eer-

66 1736 169 1772 rabit
187 1738 199 1782 ΙΙ
219 1739 297 1772 734.
324 1737 381 1772 del
399 1736 492 1772 Pius
511 1737 522 1782 ΙΙ
543 1739 622 1772 737
648 1735 757 1770 furtis
779 1740 835 1782 est
854 1738 908 1772 vel
927 1736 1037 1771 furtis
1059 1748 1115 1773 88.
1142 1748 1223 1772 corr
1242 1736 1321 1771 Pam
1322 1747 1385 1771 eus
1415 1735 1418 1783 Ι

67 1783 287 1829 adstringit:
321 1785 558 1819 distinximus
609 1783 613 1830 Ι
666 1783 741 1818 hau
771 1785 826 1820 vel
855 1784 958 1818 haud
988 1786 1043 1820 vel
1075 1779 1150 1819 aud
1196 1785 1200 1830 Ι
1247 1783 1338 1828 quid
1365 1784 1422 1818 est

67 1833 123 1868 vel
146 1830 313 1876 quidem.
339 1842 421 1867 corr
441 1831 493 1866 Oa
522 1832 534 1877 ss
567 1833 633 1865 739
645 1842 698 1875 sq
724 1833 787 1867 inv
813 1833 916 1867 libri.-
942 1833 1016 1868 trai
1041 1832 1097 1867 Ac
1119 1832 1123 1879 Ι
1145 1832 1383 1867 distinxzmus
1410 1831 1423 1883 [l

70 1882 149 1914 742.
176 1877 345 1924 egredier
362 1880 418 1914 vel
442 1877 654 1923 egredietur
678 1880 690 1924 11
716 1882 793 1914 744.
820 1878 969 1914 nouerit
993 1881 1047 1915 vel
1074 1883 1114 1923 ᾖ
1136 1878 1186 1913 rit
1205 1880 1216 1924 ΙΙ
1243 1882 1322 1913 745.
1350 1877 1422 1920 Qm

67 1927 124 1962 vel
148 1926 225 1962 cui:
251 1925 343 1970 quid
369 1926 516 1961 Nonius
562 1927 566 1971 Ι
612 1925 734 1961 malae
765 1925 818 1961 ire
844 1926 875 1961 it
902 1928 1005 1963 ante:
1037 1928 1169 1962 tantae
1195 1925 1249 1960 rei
1275 1926 1423 1961 Nonius

68 1975 164 2020 (corr
184 1974 249 2020 Ca)
273 1975 277 2018 Ι
299 1973 422 2008 fumus
447 1972 541 2007 inlix
566 1973 713 2009 Nonius
731 1975 742 2019 11
