<?xml version="1.0" encoding="UTF-8"?>
<!DOCTYPE html PUBLIC "-//W3C//DTD XHTML 1.0 Transitional//EN"
    "http://www.w3.org/TR/xhtml1/DTD/xhtml1-transitional.dtd">
<html xmlns="http://www.w3.org/1999/xhtml" xml:lang="en" lang="en">
 <head>
  <title>
</title>
<meta http-equiv="Content-Type" content="text/html;charset=utf-8" />
  <meta name='ocr-system' content='tesseract 3.04.00' />
  <meta name='ocr-capabilities' content='ocr_page ocr_carea ocr_par ocr_line ocrx_word'/>
</head>
<body>
  <div class='ocr_page' id='page_1' title='image "./comoediae05plauuoft_0276.png"; bbox 0 0 1566 2502; ppageno 0'>
   <div class='ocr_carea' id='block_1_1' title="bbox 194 102 1507 151">
    <p class='ocr_par' dir='ltr' id='par_1_1' title="bbox 194 102 1507 151">
     <span class='ocr_line' id='line_1_1' title="bbox 194 102 1507 151; baseline 0.002 -14"><span class='ocrx_word' id='word_1_1' title='bbox 194 102 249 144; x_wconf 79' lang='lat'>32</span> <span class='ocrx_word' id='word_1_2' title='bbox 769 102 945 138; x_wconf 84' lang='lat' dir='ltr'>PLAVTI</span> <span class='ocrx_word' id='word_1_3' title='bbox 1089 103 1107 137; x_wconf 93' lang='lat'>1</span> <span class='ocrx_word' id='word_1_4' title='bbox 1125 106 1157 148; x_wconf 86' lang='lat'>5,</span> <span class='ocrx_word' id='word_1_5' title='bbox 1177 105 1314 139; x_wconf 72' lang='lat'><strong>44-37</strong></span> <span class='ocrx_word' id='word_1_6' title='bbox 1333 104 1438 150; x_wconf 76' lang='lat' dir='ltr'>[-e1</span> <span class='ocrx_word' id='word_1_7' title='bbox 1459 103 1507 151; x_wconf 85' lang='lat' dir='ltr'>A]</span> 
     </span>
    </p>
   </div>
   <div class='ocr_carea' id='block_1_2' title="bbox 298 196 1566 1878">
    <p class='ocr_par' dir='ltr' id='par_1_2' title="bbox 298 196 1566 1878">
     <span class='ocr_line' id='line_1_2' title="bbox 305 196 1385 254; baseline 0.002 -16"><span class='ocrx_word' id='word_1_8' title='bbox 305 197 387 239; x_wconf 87' lang='lat' dir='ltr'>CA.</span> <span class='ocrx_word' id='word_1_9' title='bbox 418 198 531 239; x_wconf 88' lang='lat' dir='ltr'>Bene</span> <span class='ocrx_word' id='word_1_10' title='bbox 563 197 901 251; x_wconf 87' lang='lat' dir='ltr'>c6nfidenterque</span> <span class='ocrx_word' id='word_1_11' title='bbox 932 196 1142 239; x_wconf 75' lang='lat' dir='ltr'>adstitisse</span> <span class='ocrx_word' id='word_1_12' title='bbox 1173 197 1385 254; x_wconf 68' lang='lat' dir='ltr'>intellego.</span> 
     </span>
     <span class='ocr_line' id='line_1_3' title="bbox 299 254 1508 310; baseline 0.002 -14"><span class='ocrx_word' id='word_1_13' title='bbox 299 255 376 297; x_wconf 92' lang='lat' dir='ltr'><strong>PS.</strong></span> <span class='ocrx_word' id='word_1_14' title='bbox 402 255 534 296; x_wconf 95' lang='lat' dir='ltr'>Decet</span> <span class='ocrx_word' id='word_1_15' title='bbox 558 255 823 296; x_wconf 78' lang='lat' dir='ltr'>innocentem</span> <span class='ocrx_word' id='word_1_16' title='bbox 850 254 926 309; x_wconf 78' lang='lat' dir='ltr'>qus</span> <span class='ocrx_word' id='word_1_17' title='bbox 942 255 998 296; x_wconf 85' lang='lat' dir='ltr'>sit</span> <span class='ocrx_word' id='word_1_18' title='bbox 1017 257 1143 310; x_wconf 88' lang='lat' dir='ltr'>atque</span> <span class='ocrx_word' id='word_1_19' title='bbox 1161 255 1381 298; x_wconf 76' lang='lat' dir='ltr'>innoxium</span> <span class='ocrx_word' id='word_1_20' title='bbox 1439 267 1508 299; x_wconf 89' lang='grc'>460</span> 
     </span>
     <span class='ocr_line' id='line_1_4' title="bbox 300 313 1466 368; baseline 0.001 -14"><span class='ocrx_word' id='word_1_21' title='bbox 300 313 477 355; x_wconf 78' lang='lat' dir='ltr'>Seruom</span> <span class='ocrx_word' id='word_1_22' title='bbox 508 313 736 367; x_wconf 83' lang='lat' dir='ltr'>superbum</span> <span class='ocrx_word' id='word_1_23' title='bbox 768 327 855 354; x_wconf 88' lang='lat' dir='ltr'>esse</span> <span class='ocrx_word' id='word_1_24' title='bbox 886 313 998 367; x_wconf 91' lang='lat' dir='ltr'>apud</span> <span class='ocrx_word' id='word_1_25' title='bbox 1028 328 1146 355; x_wconf 87' lang='lat' dir='ltr'>erum</span> <span class='ocrx_word' id='word_1_26' title='bbox 1175 314 1466 368; x_wconf 80' lang='lat' dir='ltr'>potlssumum.</span> 
     </span>
     <span class='ocr_line' id='line_1_5' title="bbox 301 370 1509 427; baseline 0.002 -15"><span class='ocrx_word' id='word_1_27' title='bbox 301 370 384 412; x_wconf 85' lang='lat' dir='ltr'><strong>CA.</strong></span> <span class='ocrx_word' id='word_1_28' title='bbox 418 370 526 412; x_wconf 84' lang='lat' dir='ltr'>Sunt</span> <span class='ocrx_word' id='word_1_29' title='bbox 551 372 657 425; x_wconf 76' lang='lat' dir='ltr'>quae</span> <span class='ocrx_word' id='word_1_30' title='bbox 683 373 724 412; x_wconf 91' lang='lat' dir='ltr'>te</span> <span class='ocrx_word' id='word_1_31' title='bbox 748 371 944 412; x_wconf 89' lang='lat' dir='ltr'>uolumus</span> <span class='ocrx_word' id='word_1_32' title='bbox 972 372 1222 427; x_wconf 84' lang='lat' dir='ltr'>percontari,</span> <span class='ocrx_word' id='word_1_33' title='bbox 1253 387 1359 426; x_wconf 88' lang='lat' dir='ltr'>quae</span> <span class='ocrx_word' id='word_1_34' title='bbox 1390 373 1509 426; x_wconf 82' lang='lat' dir='ltr'><strong>quasi</strong></span> 
     </span>
     <span class='ocr_line' id='line_1_6' title="bbox 298 429 1422 484; baseline 0.002 -15"><span class='ocrx_word' id='word_1_35' title='bbox 298 429 379 470; x_wconf 86' lang='lat' dir='ltr'>Per</span> <span class='ocrx_word' id='word_1_36' title='bbox 409 429 606 470; x_wconf 86' lang='lat' dir='ltr'>nebulam</span> <span class='ocrx_word' id='word_1_37' title='bbox 637 432 802 471; x_wconf 88' lang='lat' dir='ltr'>nosmet</span> <span class='ocrx_word' id='word_1_38' title='bbox 832 443 987 470; x_wconf 74' lang='lat' dir='ltr'>scimus</span> <span class='ocrx_word' id='word_1_39' title='bbox 1017 432 1142 484; x_wconf 89' lang='lat' dir='ltr'>atque</span> <span class='ocrx_word' id='word_1_40' title='bbox 1173 430 1422 472; x_wconf 71' lang='lat' dir='ltr'>audiuimus.</span> 
     </span>
     <span class='ocr_line' id='line_1_7' title="bbox 301 486 1429 543; baseline 0.002 -15"><span class='ocrx_word' id='word_1_41' title='bbox 301 486 363 528; x_wconf 90' lang='lat' dir='ltr'><strong>SI.</strong></span> <span class='ocrx_word' id='word_1_42' title='bbox 398 487 605 528; x_wconf 73' lang='lat' dir='ltr'>Conficiet</span> <span class='ocrx_word' id='word_1_43' title='bbox 635 487 719 528; x_wconf 85' lang='lat' dir='ltr'>iam</span> <span class='ocrx_word' id='word_1_44' title='bbox 751 490 792 528; x_wconf 87' lang='lat' dir='ltr'>te</span> <span class='ocrx_word' id='word_1_45' title='bbox 822 487 892 528; x_wconf 84' lang='lat' dir='ltr'>hio</span> <span class='ocrx_word' id='word_1_46' title='bbox 922 487 1076 543; x_wconf 79' lang='lat' dir='ltr'>uerbis,</span> <span class='ocrx_word' id='word_1_47' title='bbox 1106 490 1154 529; x_wconf 89' lang='lat' dir='ltr'>ut</span> <span class='ocrx_word' id='word_1_48' title='bbox 1184 490 1231 529; x_wconf 90' lang='lat' dir='ltr'>tu</span> <span class='ocrx_word' id='word_1_49' title='bbox 1262 502 1429 530; x_wconf 89' lang='lat' dir='ltr'>censeas</span> 
     </span>
     <span class='ocr_line' id='line_1_8' title="bbox 298 545 1508 600; baseline 0.002 -14"><span class='ocrx_word' id='word_1_50' title='bbox 298 545 398 586; x_wconf 89' lang='lat' dir='ltr'>Non</span> <span class='ocrx_word' id='word_1_51' title='bbox 428 545 694 600; x_wconf 80' lang='lat' dir='ltr'>Pseudolum,</span> <span class='ocrx_word' id='word_1_52' title='bbox 726 546 798 586; x_wconf 91' lang='lat' dir='ltr'>sed</span> <span class='ocrx_word' id='word_1_53' title='bbox 830 545 1045 587; x_wconf 78' lang='lat' dir='ltr'>Socratem</span> <span class='ocrx_word' id='word_1_54' title='bbox 1075 548 1214 587; x_wconf 72' lang='lat' dir='ltr'>tecum</span> <span class='ocrx_word' id='word_1_55' title='bbox 1243 546 1372 600; x_wconf 91' lang='lat' dir='ltr'>loqui.</span> <span class='ocrx_word' id='word_1_56' title='bbox 1441 557 1508 588; x_wconf 83' lang='lat'><strong>465</strong></span> 
     </span>
     <span class='ocr_line' id='line_1_9' title="bbox 298 602 1397 659; baseline 0.002 -15"><span class='ocrx_word' id='word_1_57' title='bbox 298 602 376 644; x_wconf 90' lang='lat' dir='ltr'><strong>PS.</strong></span> <span class='ocrx_word' id='word_1_58' title='bbox 408 602 531 645; x_wconf 79' lang='lat' dir='ltr'>Itast:</span> <span class='ocrx_word' id='word_1_59' title='bbox 563 603 648 644; x_wconf 86' lang='lat' dir='ltr'>iam</span> <span class='ocrx_word' id='word_1_60' title='bbox 678 604 841 658; x_wconf 82' lang='lat' dir='ltr'>pridem</span> <span class='ocrx_word' id='word_1_61' title='bbox 872 606 919 644; x_wconf 75' lang='lat' dir='ltr'>tii</span> <span class='ocrx_word' id='word_1_62' title='bbox 950 618 1017 645; x_wconf 89' lang='lat' dir='ltr'>me</span> <span class='ocrx_word' id='word_1_63' title='bbox 1048 604 1221 659; x_wconf 81' lang='lat' dir='ltr'>spernis,</span> <span class='ocrx_word' id='word_1_64' title='bbox 1251 605 1397 646; x_wconf 78' lang='lat' dir='ltr'>sentio.</span> 
     </span>
     <span class='ocr_line' id='line_1_10' title="bbox 298 661 1467 719; baseline 0.002 -17"><span class='ocrx_word' id='word_1_65' title='bbox 298 661 480 702; x_wconf 87' lang='lat' dir='ltr'>Paruam</span> <span class='ocrx_word' id='word_1_66' title='bbox 511 663 598 703; x_wconf 77' lang='lat' dir='ltr'>esse</span> <span class='ocrx_word' id='word_1_67' title='bbox 630 661 741 716; x_wconf 87' lang='lat' dir='ltr'>apud</span> <span class='ocrx_word' id='word_1_68' title='bbox 772 664 813 703; x_wconf 87' lang='lat' dir='ltr'>te</span> <span class='ocrx_word' id='word_1_69' title='bbox 844 661 950 703; x_wconf 73' lang='lat' dir='ltr'>mihi</span> <span class='ocrx_word' id='word_1_70' title='bbox 980 662 1106 703; x_wconf 92' lang='lat' dir='ltr'>fidem</span> <span class='ocrx_word' id='word_1_71' title='bbox 1137 662 1225 716; x_wconf 87' lang='lat' dir='ltr'>ipse</span> <span class='ocrx_word' id='word_1_72' title='bbox 1256 662 1467 719; x_wconf 71' lang='lat' dir='ltr'>intellego.</span> 
     </span>
     <span class='ocr_line' id='line_1_11' title="bbox 302 719 1469 776; baseline 0.002 -16"><span class='ocrx_word' id='word_1_73' title='bbox 302 719 430 774; x_wconf 87' lang='lat' dir='ltr'>Cupis</span> <span class='ocrx_word' id='word_1_74' title='bbox 461 721 528 760; x_wconf 76' lang='lat' dir='ltr'>me</span> <span class='ocrx_word' id='word_1_75' title='bbox 559 734 646 761; x_wconf 86' lang='lat' dir='ltr'>esse</span> <span class='ocrx_word' id='word_1_76' title='bbox 677 734 876 774; x_wconf 82' lang='lat' dir='ltr'>nequam:</span> <span class='ocrx_word' id='word_1_77' title='bbox 907 721 1048 761; x_wconf 73' lang='lat' dir='ltr'>tamen</span> <span class='ocrx_word' id='word_1_78' title='bbox 1079 735 1149 762; x_wconf 88' lang='lat' dir='ltr'>ero</span> <span class='ocrx_word' id='word_1_79' title='bbox 1181 719 1298 776; x_wconf 72' lang='lat' dir='ltr'>frugi</span> <span class='ocrx_word' id='word_1_80' title='bbox 1325 720 1469 762; x_wconf 88' lang='lat' dir='ltr'>bonae.</span> 
     </span>
     <span class='ocr_line' id='line_1_12' title="bbox 301 777 1376 833; baseline 0.001 -15"><span class='ocrx_word' id='word_1_81' title='bbox 301 777 363 819; x_wconf 92' lang='lat' dir='ltr'><strong>SI.</strong></span> <span class='ocrx_word' id='word_1_82' title='bbox 394 777 477 819; x_wconf 87' lang='lat' dir='ltr'>Fac</span> <span class='ocrx_word' id='word_1_83' title='bbox 507 778 564 819; x_wconf 77' lang='lat' dir='ltr'>sis</span> <span class='ocrx_word' id='word_1_84' title='bbox 595 778 779 832; x_wconf 82' lang='lat' dir='ltr'>uociuas,</span> <span class='ocrx_word' id='word_1_85' title='bbox 810 778 1026 833; x_wconf 70' lang='lat' dir='ltr'>Pseudole,</span> <span class='ocrx_word' id='word_1_86' title='bbox 1057 779 1169 820; x_wconf 82' lang='lat' dir='ltr'>aedis</span> <span class='ocrx_word' id='word_1_87' title='bbox 1201 778 1376 833; x_wconf 75' lang='lat' dir='ltr'>aurium,</span> 
     </span>
     <span class='ocr_line' id='line_1_13' title="bbox 298 835 1508 891; baseline 0.002 -15"><span class='ocrx_word' id='word_1_88' title='bbox 298 835 394 877; x_wconf 89' lang='lat' dir='ltr'>Mea</span> <span class='ocrx_word' id='word_1_89' title='bbox 423 838 472 877; x_wconf 72' lang='lat' dir='ltr'>lit</span> <span class='ocrx_word' id='word_1_90' title='bbox 502 836 683 891; x_wconf 84' lang='lat' dir='ltr'>migrare</span> <span class='ocrx_word' id='word_1_91' title='bbox 717 836 828 877; x_wconf 77' lang='lat' dir='ltr'>dicta</span> <span class='ocrx_word' id='word_1_92' title='bbox 858 837 1022 890; x_wconf 89' lang='lat' dir='ltr'>possint</span> <span class='ocrx_word' id='word_1_93' title='bbox 1053 838 1136 890; x_wconf 89' lang='lat' dir='ltr'>qu6</span> <span class='ocrx_word' id='word_1_94' title='bbox 1167 837 1277 878; x_wconf 91' lang='lat' dir='ltr'>uolo.</span> <span class='ocrx_word' id='word_1_95' title='bbox 1441 847 1508 879; x_wconf 83' lang='lat'><strong>470</strong></span> 
     </span>
     <span class='ocr_line' id='line_1_14' title="bbox 299 892 1508 949; baseline 0.002 -15"><span class='ocrx_word' id='word_1_96' title='bbox 299 893 377 935; x_wconf 93' lang='lat' dir='ltr'><strong>PS.</strong></span> <span class='ocrx_word' id='word_1_97' title='bbox 409 892 500 949; x_wconf 87' lang='lat' dir='ltr'>Age</span> <span class='ocrx_word' id='word_1_98' title='bbox 531 894 703 948; x_wconf 80' lang='lat' dir='ltr'>loquere</span> <span class='ocrx_word' id='word_1_99' title='bbox 735 895 915 949; x_wconf 81' lang='lat' dir='ltr'>quiduis,</span> <span class='ocrx_word' id='word_1_100' title='bbox 947 897 1034 935; x_wconf 84' lang='lat' dir='ltr'>tam</span> <span class='ocrx_word' id='word_1_101' title='bbox 1065 895 1143 936; x_wconf 76' lang='lat' dir='ltr'>etsi</span> <span class='ocrx_word' id='word_1_102' title='bbox 1174 894 1254 936; x_wconf 86' lang='lat' dir='ltr'>tibi</span> <span class='ocrx_word' id='word_1_103' title='bbox 1279 895 1508 936; x_wconf 75' lang='lat' dir='ltr'>suscenseo.</span> 
     </span>
     <span class='ocr_line' id='line_1_15' title="bbox 301 951 1510 994; baseline 0.002 -2"><span class='ocrx_word' id='word_1_104' title='bbox 301 951 362 993; x_wconf 93' lang='lat' dir='ltr'><strong>SI.</strong></span> <span class='ocrx_word' id='word_1_105' title='bbox 394 951 531 993; x_wconf 86' lang='lat' dir='ltr'>Mihin</span> <span class='ocrx_word' id='word_1_106' title='bbox 563 953 731 994; x_wconf 79' lang='lat' dir='ltr'>domino</span> <span class='ocrx_word' id='word_1_107' title='bbox 763 967 906 994; x_wconf 87' lang='lat' dir='ltr'>seruos</span> <span class='ocrx_word' id='word_1_108' title='bbox 937 955 983 994; x_wconf 73' lang='lat' dir='ltr'>tii</span> <span class='ocrx_word' id='word_1_109' title='bbox 1009 953 1249 994; x_wconf 79' lang='lat' dir='ltr'>suscenses?</span> <span class='ocrx_word' id='word_1_110' title='bbox 1296 951 1374 994; x_wconf 87' lang='lat' dir='ltr'><strong>PS.</strong></span> <span class='ocrx_word' id='word_1_111' title='bbox 1405 952 1510 994; x_wconf 71' lang='lat' dir='ltr'>Tam</span> 
     </span>
     <span class='ocr_line' id='line_1_16' title="bbox 1276 1010 1356 1052; baseline 0 0"><span class='ocrx_word' id='word_1_112' title='bbox 1276 1010 1356 1052; x_wconf 90' lang='lat' dir='ltr'>tibi</span> 
     </span>
     <span class='ocr_line' id='line_1_17' title="bbox 300 1067 1509 1129; baseline 0.002 -21"><span class='ocrx_word' id='word_1_113' title='bbox 300 1068 457 1109; x_wconf 81' lang='lat' dir='ltr'>Milum</span> <span class='ocrx_word' id='word_1_114' title='bbox 494 1068 538 1110; x_wconf 92' lang='lat' dir='ltr'>1d</span> <span class='ocrx_word' id='word_1_115' title='bbox 574 1068 770 1110; x_wconf 82' lang='lat' dir='ltr'>uidetur?</span> <span class='ocrx_word' id='word_1_116' title='bbox 825 1067 887 1110; x_wconf 87' lang='lat' dir='ltr'><strong>SI.</strong></span> <span class='ocrx_word' id='word_1_117' title='bbox 913 1068 1064 1129; x_wconf 83' lang='lat' dir='ltr'>Hercle</span> <span class='ocrx_word' id='word_1_118' title='bbox 1102 1069 1186 1124; x_wconf 86' lang='lat' dir='ltr'>qui,</span> <span class='ocrx_word' id='word_1_119' title='bbox 1228 1071 1276 1110; x_wconf 91' lang='lat' dir='ltr'>ut</span> <span class='ocrx_word' id='word_1_120' title='bbox 1311 1071 1359 1110; x_wconf 87' lang='lat' dir='ltr'>tu</span> <span class='ocrx_word' id='word_1_121' title='bbox 1394 1083 1509 1123; x_wconf 89' lang='lat' dir='ltr'>prae-</span> 
     </span>
     <span class='ocr_line' id='line_1_18' title="bbox 1276 1127 1400 1182; baseline 0 -14"><span class='ocrx_word' id='word_1_122' title='bbox 1276 1127 1400 1182; x_wconf 76' lang='lat' dir='ltr'>dicas,</span> 
     </span>
     <span class='ocr_line' id='line_1_19' title="bbox 303 1183 1479 1240; baseline 0 -14"><span class='ocrx_word' id='word_1_123' title='bbox 303 1183 587 1226; x_wconf 79' lang='lat' dir='ltr'>Cauendumst</span> <span class='ocrx_word' id='word_1_124' title='bbox 616 1185 675 1226; x_wconf 91' lang='lat' dir='ltr'>mi</span> <span class='ocrx_word' id='word_1_125' title='bbox 705 1199 778 1239; x_wconf 87' lang='lat' dir='ltr'>aps</span> <span class='ocrx_word' id='word_1_126' title='bbox 803 1187 844 1226; x_wconf 90' lang='lat' dir='ltr'>te</span> <span class='ocrx_word' id='word_1_127' title='bbox 869 1185 989 1240; x_wconf 77' lang='lat' dir='ltr'>irato,</span> <span class='ocrx_word' id='word_1_128' title='bbox 1020 1187 1145 1240; x_wconf 89' lang='lat' dir='ltr'>atque</span> <span class='ocrx_word' id='word_1_129' title='bbox 1170 1185 1252 1227; x_wconf 89' lang='lat' dir='ltr'>alio</span> <span class='ocrx_word' id='word_1_130' title='bbox 1278 1187 1326 1226; x_wconf 74' lang='lat' dir='ltr'>tli</span> <span class='ocrx_word' id='word_1_131' title='bbox 1355 1185 1479 1226; x_wconf 90' lang='lat' dir='ltr'>modo</span> 
     </span>
     <span class='ocr_line' id='line_1_20' title="bbox 300 1242 1510 1299; baseline 0 -16"><span class='ocrx_word' id='word_1_132' title='bbox 300 1242 369 1284; x_wconf 93' lang='lat' dir='ltr'>Me</span> <span class='ocrx_word' id='word_1_133' title='bbox 400 1243 623 1284; x_wconf 73' lang='lat' dir='ltr'>uerberare</span> <span class='ocrx_word' id='word_1_134' title='bbox 655 1245 781 1297; x_wconf 86' lang='lat' dir='ltr'>atque</span> <span class='ocrx_word' id='word_1_135' title='bbox 812 1244 889 1299; x_wconf 77' lang='lat' dir='ltr'>ego</span> <span class='ocrx_word' id='word_1_136' title='bbox 922 1246 963 1284; x_wconf 90' lang='lat' dir='ltr'>te</span> <span class='ocrx_word' id='word_1_137' title='bbox 993 1244 1106 1285; x_wconf 89' lang='lat' dir='ltr'>soleo</span> <span class='ocrx_word' id='word_1_138' title='bbox 1139 1243 1310 1299; x_wconf 80' lang='lat' dir='ltr'>cogitas.</span> <span class='ocrx_word' id='word_1_139' title='bbox 1443 1252 1510 1285; x_wconf 80' lang='lat'><strong>475</strong></span> 
     </span>
     <span class='ocr_line' id='line_1_21' title="bbox 303 1300 1512 1356; baseline 0 -14"><span class='ocrx_word' id='word_1_140' title='bbox 303 1300 413 1350; x_wconf 84' lang='lat' dir='ltr'>Quid</span> <span class='ocrx_word' id='word_1_141' title='bbox 457 1301 628 1343; x_wconf 75' lang='lat' dir='ltr'>censes?</span> <span class='ocrx_word' id='word_1_142' title='bbox 703 1300 785 1342; x_wconf 85' lang='lat' dir='ltr'><strong>CA.</strong></span> <span class='ocrx_word' id='word_1_143' title='bbox 828 1301 992 1356; x_wconf 84' lang='lat' dir='ltr'>Edepol</span> <span class='ocrx_word' id='word_1_144' title='bbox 1033 1302 1184 1344; x_wconf 75' lang='lat' dir='ltr'>merito</span> <span class='ocrx_word' id='word_1_145' title='bbox 1227 1315 1315 1343; x_wconf 85' lang='lat' dir='ltr'>esse</span> <span class='ocrx_word' id='word_1_146' title='bbox 1358 1301 1512 1342; x_wconf 84' lang='lat' dir='ltr'>iratum</span> 
     </span>
     <span class='ocr_line' id='line_1_22' title="bbox 1278 1359 1472 1413; baseline -0.005 -13"><span class='ocrx_word' id='word_1_147' title='bbox 1278 1359 1472 1413; x_wconf 69' lang='lat' dir='ltr'>arbitror,</span> 
     </span>
     <span class='ocr_line' id='line_1_23' title="bbox 303 1416 1511 1471; baseline -0.001 -13"><span class='ocrx_word' id='word_1_148' title='bbox 303 1417 440 1466; x_wconf 83' lang='lat' dir='ltr'>Quom</span> <span class='ocrx_word' id='word_1_149' title='bbox 460 1417 570 1471; x_wconf 73' lang='lat' dir='ltr'>apiid</span> <span class='ocrx_word' id='word_1_150' title='bbox 589 1420 630 1458; x_wconf 90' lang='lat' dir='ltr'>te</span> <span class='ocrx_word' id='word_1_151' title='bbox 655 1417 949 1471; x_wconf 75' lang='lat' dir='ltr'>paruast&#39;e&lt;1&#39;&gt;</span> <span class='ocrx_word' id='word_1_152' title='bbox 973 1418 1086 1459; x_wconf 86' lang='lat' dir='ltr'>fides.</span> <span class='ocrx_word' id='word_1_153' title='bbox 1137 1416 1198 1459; x_wconf 89' lang='lat' dir='ltr'><strong>SI.</strong></span> <span class='ocrx_word' id='word_1_154' title='bbox 1223 1416 1313 1458; x_wconf 89' lang='lat' dir='ltr'>Iam</span> <span class='ocrx_word' id='word_1_155' title='bbox 1338 1417 1398 1458; x_wconf 83' lang='lat' dir='ltr'>sl&#39;c</span> <span class='ocrx_word' id='word_1_156' title='bbox 1423 1417 1511 1458; x_wconf 90' lang='lat' dir='ltr'>sine</span> 
     </span>
     <span class='ocr_line' id='line_1_24' title="bbox 302 1474 1209 1530; baseline 0.001 -15"><span class='ocrx_word' id='word_1_157' title='bbox 302 1474 440 1516; x_wconf 86' lang='lat' dir='ltr'>Iratus</span> <span class='ocrx_word' id='word_1_158' title='bbox 471 1476 543 1516; x_wconf 87' lang='lat' dir='ltr'>sit:</span> <span class='ocrx_word' id='word_1_159' title='bbox 576 1490 653 1530; x_wconf 84' lang='lat' dir='ltr'>ego</span> <span class='ocrx_word' id='word_1_160' title='bbox 685 1475 841 1529; x_wconf 76' lang='lat' dir='ltr'>nequid</span> <span class='ocrx_word' id='word_1_161' title='bbox 871 1478 1019 1516; x_wconf 86' lang='lat' dir='ltr'>noceat</span> <span class='ocrx_word' id='word_1_162' title='bbox 1049 1489 1209 1516; x_wconf 89' lang='lat' dir='ltr'>cauero.</span> 
     </span>
     <span class='ocr_line' id='line_1_25' title="bbox 304 1531 1566 1589; baseline -0.002 -14"><span class='ocrx_word' id='word_1_163' title='bbox 304 1532 386 1575; x_wconf 88' lang='lat' dir='ltr'>Sed</span> <span class='ocrx_word' id='word_1_164' title='bbox 413 1532 514 1587; x_wconf 78' lang='lat' dir='ltr'>quid</span> <span class='ocrx_word' id='word_1_165' title='bbox 539 1533 629 1574; x_wconf 82' lang='lat' dir='ltr'>ais?</span> <span class='ocrx_word' id='word_1_166' title='bbox 655 1533 757 1587; x_wconf 89' lang='lat' dir='ltr'>quid</span> <span class='ocrx_word' id='word_1_167' title='bbox 780 1532 860 1574; x_wconf 90' lang='lat' dir='ltr'>hoc</span> <span class='ocrx_word' id='word_1_168' title='bbox 886 1533 998 1587; x_wconf 91' lang='lat' dir='ltr'>quod</span> <span class='ocrx_word' id='word_1_169' title='bbox 1023 1535 1065 1574; x_wconf 76' lang='lat' dir='ltr'>te</span> <span class='ocrx_word' id='word_1_170' title='bbox 1084 1533 1218 1589; x_wconf 77' lang='lat' dir='ltr'>rogo?</span> <span class='ocrx_word' id='word_1_171' title='bbox 1265 1531 1342 1574; x_wconf 89' lang='lat' dir='ltr'><strong>PS.</strong></span> <span class='ocrx_word' id='word_1_172' title='bbox 1363 1531 1513 1587; x_wconf 85' lang='lat' dir='ltr'>Siquid</span> <span class='ocrx_word' id='word_1_173' title='bbox 1565 1571 1566 1574; x_wconf 73' lang='grc'>,</span> 
     </span>
     <span class='ocr_line' id='line_1_26' title="bbox 1277 1590 1492 1646; baseline -0.005 -14"><span class='ocrx_word' id='word_1_174' title='bbox 1277 1590 1356 1646; x_wconf 75' lang='lat' dir='ltr'>m&#39;s,</span> <span class='ocrx_word' id='word_1_175' title='bbox 1373 1605 1492 1646; x_wconf 87' lang='lat' dir='ltr'>roga:</span> 
     </span>
     <span class='ocr_line' id='line_1_27' title="bbox 305 1648 1512 1704; baseline 0.001 -15"><span class='ocrx_word' id='word_1_176' title='bbox 305 1648 427 1698; x_wconf 84' lang='lat' dir='ltr'>Quod</span> <span class='ocrx_word' id='word_1_177' title='bbox 457 1648 575 1690; x_wconf 84' lang='lat' dir='ltr'>scsbo</span> <span class='ocrx_word' id='word_1_178' title='bbox 608 1648 785 1702; x_wconf 88' lang='lat' dir='ltr'>Delphis</span> <span class='ocrx_word' id='word_1_179' title='bbox 815 1649 897 1690; x_wconf 82' lang='lat' dir='ltr'>tsbi</span> <span class='ocrx_word' id='word_1_180' title='bbox 928 1663 1173 1704; x_wconf 83' lang='lat' dir='ltr'>responsum</span> <span class='ocrx_word' id='word_1_181' title='bbox 1205 1649 1344 1690; x_wconf 76' lang='lat' dir='ltr'>dicito.</span> <span class='ocrx_word' id='word_1_182' title='bbox 1444 1659 1512 1690; x_wconf 85' lang='lat'><strong>480</strong></span> 
     </span>
     <span class='ocr_line' id='line_1_28' title="bbox 306 1706 1509 1762; baseline 0 -15"><span class='ocrx_word' id='word_1_183' title='bbox 306 1706 368 1748; x_wconf 90' lang='lat' dir='ltr'><strong>SI.</strong></span> <span class='ocrx_word' id='word_1_184' title='bbox 400 1706 648 1760; x_wconf 80' lang='lat' dir='ltr'>A&lt;d&gt;uorte</span> <span class='ocrx_word' id='word_1_185' title='bbox 674 1722 773 1762; x_wconf 85' lang='lat' dir='ltr'>ergo</span> <span class='ocrx_word' id='word_1_186' title='bbox 800 1708 985 1748; x_wconf 88' lang='lat' dir='ltr'>animum</span> <span class='ocrx_word' id='word_1_187' title='bbox 1012 1710 1053 1748; x_wconf 86' lang='lat' dir='ltr'>et</span> <span class='ocrx_word' id='word_1_188' title='bbox 1077 1708 1142 1749; x_wconf 74' lang='lat' dir='ltr'>fac</span> <span class='ocrx_word' id='word_1_189' title='bbox 1167 1707 1223 1748; x_wconf 87' lang='lat' dir='ltr'>sis</span> <span class='ocrx_word' id='word_1_190' title='bbox 1252 1706 1509 1762; x_wconf 59' lang='lat' dir='ltr'>promissffs]</span> 
     </span>
     <span class='ocr_line' id='line_1_29' title="bbox 1278 1779 1450 1806; baseline 0 0"><span class='ocrx_word' id='word_1_191' title='bbox 1278 1779 1450 1806; x_wconf 81' lang='lat' dir='ltr'>memor.</span> 
     </span>
     <span class='ocr_line' id='line_1_30' title="bbox 306 1822 1419 1878; baseline 0.001 -15"><span class='ocrx_word' id='word_1_192' title='bbox 306 1822 420 1878; x_wconf 90' lang='lat' dir='ltr'><strong>[PS.]</strong></span> <span class='ocrx_word' id='word_1_193' title='bbox 453 1822 563 1872; x_wconf 83' lang='lat' dir='ltr'>Quid</span> <span class='ocrx_word' id='word_1_194' title='bbox 594 1822 684 1864; x_wconf 75' lang='lat' dir='ltr'>ass?</span> <span class='ocrx_word' id='word_1_195' title='bbox 715 1837 889 1877; x_wconf 82' lang='lat' dir='ltr'>ecquam</span> <span class='ocrx_word' id='word_1_196' title='bbox 920 1824 1000 1865; x_wconf 89' lang='lat' dir='ltr'>scis</span> <span class='ocrx_word' id='word_1_197' title='bbox 1030 1822 1170 1864; x_wconf 88' lang='lat' dir='ltr'>fssium</span> <span class='ocrx_word' id='word_1_198' title='bbox 1200 1822 1419 1865; x_wconf 69' lang='lat' dir='ltr'>tibicinam</span> 
     </span>
    </p>
   </div>
   <div class='ocr_carea' id='block_1_3' title="bbox 188 1970 1566 2344">
    <p class='ocr_par' dir='ltr' id='par_1_3' title="bbox 188 1970 1566 2344">
     <span class='ocr_line' id='line_1_31' title="bbox 281 1970 1566 2018; baseline -0.002 -11"><span class='ocrx_word' id='word_1_199' title='bbox 281 1976 360 2007; x_wconf 87' lang='lat'><strong>459.</strong></span> <span class='ocrx_word' id='word_1_200' title='bbox 387 1981 604 2016; x_wconf 66' lang='lat' dir='ltr'>Asmmssn:</span> <span class='ocrx_word' id='word_1_201' title='bbox 631 1971 821 2007; x_wconf 79' lang='lat' dir='ltr'>adstitisse</span> <span class='ocrx_word' id='word_1_202' title='bbox 850 1974 904 2008; x_wconf 82' lang='lat' dir='ltr'>vel</span> <span class='ocrx_word' id='word_1_203' title='bbox 927 1974 965 2007; x_wconf 80' lang='lat' dir='ltr'>te</span> <span class='ocrx_word' id='word_1_204' title='bbox 990 1972 1179 2008; x_wconf 82' lang='lat' dir='ltr'>adstitisse</span> <span class='ocrx_word' id='word_1_205' title='bbox 1203 1974 1215 2018; x_wconf 83' lang='grc' dir='ltr'>ΙΙ</span> <span class='ocrx_word' id='word_1_206' title='bbox 1237 1975 1316 2007; x_wconf 93' lang='lat'><strong>460.</strong></span> <span class='ocrx_word' id='word_1_207' title='bbox 1341 1970 1511 2005; x_wconf 82' lang='lat' dir='ltr'>innoxius</span> <span class='ocrx_word' id='word_1_208' title='bbox 1560 1977 1566 2018; x_wconf 67' lang='grc' dir='ltr'>ξ</span> 
     </span>
     <span class='ocr_line' id='line_1_32' title="bbox 189 2017 1511 2064; baseline -0.003 -9"><span class='ocrx_word' id='word_1_209' title='bbox 189 2020 310 2064; x_wconf 82' lang='lat' dir='ltr'>(etiam</span> <span class='ocrx_word' id='word_1_210' title='bbox 334 2019 399 2064; x_wconf 87' lang='grc' dir='ltr'>Α).</span> <span class='ocrx_word' id='word_1_211' title='bbox 424 2029 503 2054; x_wconf 79' lang='lat' dir='ltr'>corr</span> <span class='ocrx_word' id='word_1_212' title='bbox 526 2030 571 2054; x_wconf 76' lang='lat' dir='ltr'>ex</span> <span class='ocrx_word' id='word_1_213' title='bbox 596 2019 695 2063; x_wconf 77' lang='lat' dir='ltr'>Capt.</span> <span class='ocrx_word' id='word_1_214' title='bbox 723 2031 754 2054; x_wconf 84' lang='lat' dir='ltr'><strong>v.</strong></span> <span class='ocrx_word' id='word_1_215' title='bbox 782 2022 854 2054; x_wconf 84' lang='lat'>665</span> <span class='ocrx_word' id='word_1_216' title='bbox 883 2021 895 2064; x_wconf 86' lang='grc' dir='ltr'>ΙΙ</span> <span class='ocrx_word' id='word_1_217' title='bbox 924 2023 1001 2054; x_wconf 93' lang='grc'><strong>462.</strong></span> <span class='ocrx_word' id='word_1_218' title='bbox 1028 2027 1204 2055; x_wconf 73' lang='lat' dir='ltr'>nonmus</span> <span class='ocrx_word' id='word_1_219' title='bbox 1221 2020 1234 2063; x_wconf 80' lang='grc' dir='ltr'>ΙΙ</span> <span class='ocrx_word' id='word_1_220' title='bbox 1257 2021 1335 2053; x_wconf 87' lang='grc'><strong>466.</strong></span> <span class='ocrx_word' id='word_1_221' title='bbox 1363 2017 1432 2052; x_wconf 88' lang='lat' dir='ltr'>CA.</span> <span class='ocrx_word' id='word_1_222' title='bbox 1459 2017 1511 2053; x_wconf 86' lang='lat' dir='ltr'>B:</span> 
     </span>
     <span class='ocr_line' id='line_1_33' title="bbox 188 2063 1512 2111; baseline -0.004 -9"><span class='ocrx_word' id='word_1_223' title='bbox 188 2077 267 2102; x_wconf 79' lang='lat' dir='ltr'>corr</span> <span class='ocrx_word' id='word_1_224' title='bbox 291 2066 349 2100; x_wconf 82' lang='lat' dir='ltr'>D²</span> <span class='ocrx_word' id='word_1_225' title='bbox 375 2067 387 2111; x_wconf 88' lang='grc' dir='ltr'>ΙΙ</span> <span class='ocrx_word' id='word_1_226' title='bbox 410 2068 489 2100; x_wconf 81' lang='grc'><strong>467.</strong></span> <span class='ocrx_word' id='word_1_227' title='bbox 515 2065 691 2101; x_wconf 86' lang='lat' dir='ltr'>Paruam:</span> <span class='ocrx_word' id='word_1_228' title='bbox 716 2075 856 2101; x_wconf 81' lang='lat' dir='ltr'>PARUM</span> <span class='ocrx_word' id='word_1_229' title='bbox 880 2068 891 2111; x_wconf 82' lang='grc' dir='ltr'>ΙΙ</span> <span class='ocrx_word' id='word_1_230' title='bbox 915 2063 1437 2101; x_wconf 71' lang='lat' dir='ltr'><strong>469.FA081SU001UAS.Fac</strong></span> <span class='ocrx_word' id='word_1_231' title='bbox 1463 2063 1512 2098; x_wconf 83' lang='lat' dir='ltr'>sis</span> 
     </span>
     <span class='ocr_line' id='line_1_34' title="bbox 189 2109 1508 2157; baseline -0.002 -11"><span class='ocrx_word' id='word_1_232' title='bbox 189 2111 340 2147; x_wconf 90' lang='lat' dir='ltr'>uaciuas</span> <span class='ocrx_word' id='word_1_233' title='bbox 372 2113 425 2147; x_wconf 79' lang='lat' dir='ltr'>vel</span> <span class='ocrx_word' id='word_1_234' title='bbox 454 2112 531 2146; x_wconf 85' lang='lat' dir='ltr'>Fax</span> <span class='ocrx_word' id='word_1_235' title='bbox 562 2111 593 2146; x_wconf 86' lang='lat' dir='ltr'>si</span> <span class='ocrx_word' id='word_1_236' title='bbox 625 2123 691 2146; x_wconf 86' lang='lat' dir='ltr'>sua</span> <span class='ocrx_word' id='word_1_237' title='bbox 725 2111 808 2146; x_wconf 84' lang='lat' dir='ltr'>eiua</span> <span class='ocrx_word' id='word_1_238' title='bbox 850 2114 862 2157; x_wconf 72' lang='lat' dir='ltr'>ss</span> <span class='ocrx_word' id='word_1_239' title='bbox 903 2115 981 2148; x_wconf 85' lang='lat'><strong>470.</strong></span> <span class='ocrx_word' id='word_1_240' title='bbox 1009 2112 1108 2146; x_wconf 88' lang='lat' dir='ltr'>dicta</span> <span class='ocrx_word' id='word_1_241' title='bbox 1139 2112 1203 2156; x_wconf 81' lang='lat' dir='ltr'>(sic</span> <span class='ocrx_word' id='word_1_242' title='bbox 1227 2111 1276 2156; x_wconf 83' lang='lat' dir='ltr'>A)</span> <span class='ocrx_word' id='word_1_243' title='bbox 1299 2111 1354 2146; x_wconf 83' lang='lat' dir='ltr'>vel</span> <span class='ocrx_word' id='word_1_244' title='bbox 1379 2109 1476 2144; x_wconf 88' lang='lat' dir='ltr'>dicia</span> <span class='ocrx_word' id='word_1_245' title='bbox 1505 2111 1508 2154; x_wconf 87' lang='grc'>1</span> 
     </span>
     <span class='ocr_line' id='line_1_35' title="bbox 190 2156 1513 2204; baseline -0.001 -11"><span class='ocrx_word' id='word_1_246' title='bbox 190 2167 297 2199; x_wconf 80' lang='lat' dir='ltr'>QUAE</span> <span class='ocrx_word' id='word_1_247' title='bbox 315 2160 326 2204; x_wconf 88' lang='grc' dir='ltr'>ΙΙ</span> <span class='ocrx_word' id='word_1_248' title='bbox 346 2162 424 2194; x_wconf 84' lang='grc'>472</span> <span class='ocrx_word' id='word_1_249' title='bbox 449 2168 544 2193; x_wconf 83' lang='lat' dir='ltr'><strong>MIHI</strong></span> <span class='ocrx_word' id='word_1_250' title='bbox 567 2160 571 2202; x_wconf 78' lang='grc' dir='ltr'>Ι</span> <span class='ocrx_word' id='word_1_251' title='bbox 594 2167 691 2193; x_wconf 80' lang='lat' dir='ltr'>TAM</span> <span class='ocrx_word' id='word_1_252' title='bbox 716 2158 824 2204; x_wconf 73' lang='lat' dir='ltr'>Iamn</span> <span class='ocrx_word' id='word_1_253' title='bbox 842 2162 920 2194; x_wconf 82' lang='grc'><strong>473.</strong></span> <span class='ocrx_word' id='word_1_254' title='bbox 941 2167 1261 2194; x_wconf 71' lang='lat' dir='ltr'>MmUMummun</span> <span class='ocrx_word' id='word_1_255' title='bbox 1283 2157 1287 2203; x_wconf 91' lang='grc' dir='ltr'>Ι</span> <span class='ocrx_word' id='word_1_256' title='bbox 1309 2156 1438 2191; x_wconf 85' lang='lat' dir='ltr'>Hercle</span> <span class='ocrx_word' id='word_1_257' title='bbox 1459 2157 1513 2192; x_wconf 84' lang='lat' dir='ltr'>vel</span> 
     </span>
     <span class='ocr_line' id='line_1_36' title="bbox 189 2204 1475 2250; baseline 0 -12"><span class='ocrx_word' id='word_1_258' title='bbox 189 2205 295 2239; x_wconf 83' lang='lat' dir='ltr'>Ercle</span> <span class='ocrx_word' id='word_1_259' title='bbox 326 2206 390 2250; x_wconf 81' lang='lat' dir='ltr'>(sic</span> <span class='ocrx_word' id='word_1_260' title='bbox 414 2205 464 2249; x_wconf 82' lang='lat' dir='ltr'>A)</span> <span class='ocrx_word' id='word_1_261' title='bbox 507 2206 518 2250; x_wconf 82' lang='grc' dir='ltr'>ΙΙ</span> <span class='ocrx_word' id='word_1_262' title='bbox 560 2207 638 2239; x_wconf 81' lang='grc'><strong>474.</strong></span> <span class='ocrx_word' id='word_1_263' title='bbox 671 2213 983 2240; x_wconf 73' lang='lat' dir='ltr'>CAUENDUMEST-</span> <span class='ocrx_word' id='word_1_264' title='bbox 1015 2204 1206 2240; x_wconf 86' lang='lat' dir='ltr'>Cauendus</span> <span class='ocrx_word' id='word_1_265' title='bbox 1238 2205 1294 2238; x_wconf 84' lang='lat' dir='ltr'>est</span> <span class='ocrx_word' id='word_1_266' title='bbox 1323 2204 1390 2249; x_wconf 82' lang='lat' dir='ltr'>(vel</span> <span class='ocrx_word' id='word_1_267' title='bbox 1422 2205 1475 2248; x_wconf 85' lang='lat' dir='ltr'>es)</span> 
     </span>
     <span class='ocr_line' id='line_1_37' title="bbox 191 2205 1561 2298; baseline -0.001 -13"><span class='ocrx_word' id='word_1_268' title='bbox 191 2255 269 2286; x_wconf 82' lang='lat'><strong>477.</strong></span> <span class='ocrx_word' id='word_1_269' title='bbox 295 2263 425 2296; x_wconf 86' lang='lat' dir='ltr'>parum</span> <span class='ocrx_word' id='word_1_270' title='bbox 452 2253 507 2286; x_wconf 84' lang='lat' dir='ltr'>ste</span> <span class='ocrx_word' id='word_1_271' title='bbox 532 2251 638 2286; x_wconf 85' lang='lat' dir='ltr'>fides:</span> <span class='ocrx_word' id='word_1_272' title='bbox 663 2262 743 2287; x_wconf 80' lang='lat' dir='ltr'>corr</span> <span class='ocrx_word' id='word_1_273' title='bbox 767 2251 820 2286; x_wconf 83' lang='lat' dir='ltr'>Ri</span> <span class='ocrx_word' id='word_1_274' title='bbox 840 2252 844 2298; x_wconf 84' lang='grc' dir='ltr'>Ι</span> <span class='ocrx_word' id='word_1_275' title='bbox 867 2251 963 2287; x_wconf 85' lang='lat' dir='ltr'>sino:</span> <span class='ocrx_word' id='word_1_276' title='bbox 988 2262 1068 2287; x_wconf 81' lang='lat' dir='ltr'>corr</span> <span class='ocrx_word' id='word_1_277' title='bbox 1090 2251 1246 2286; x_wconf 75' lang='lat' dir='ltr'>Brioeius</span> <span class='ocrx_word' id='word_1_278' title='bbox 1281 2251 1292 2295; x_wconf 85' lang='grc' dir='ltr'>ΙΙ</span> <span class='ocrx_word' id='word_1_279' title='bbox 1323 2205 1412 2285; x_wconf 70' lang='lat'><strong>(481.</strong></span> <span class='ocrx_word' id='word_1_280' title='bbox 1439 2249 1488 2285; x_wconf 84' lang='lat' dir='ltr'>ad</span> <span class='ocrx_word' id='word_1_281' title='bbox 1550 2254 1561 2273; x_wconf 45' lang='lat'>¹»</span> 
     </span>
     <span class='ocr_line' id='line_1_38' title="bbox 192 2297 1313 2344; baseline -0.001 -12"><span class='ocrx_word' id='word_1_282' title='bbox 192 2298 283 2333; x_wconf 74' lang='lat' dir='ltr'>Pius</span> <span class='ocrx_word' id='word_1_283' title='bbox 304 2299 308 2344; x_wconf 87' lang='grc'>1</span> <span class='ocrx_word' id='word_1_284' title='bbox 330 2298 425 2333; x_wconf 83' lang='lat' dir='ltr'>faxis</span> <span class='ocrx_word' id='word_1_285' title='bbox 444 2300 455 2343; x_wconf 90' lang='grc' dir='ltr'>ΙΙ</span> <span class='ocrx_word' id='word_1_286' title='bbox 474 2301 552 2333; x_wconf 90' lang='grc'><strong>482.</strong></span> <span class='ocrx_word' id='word_1_287' title='bbox 580 2299 635 2333; x_wconf 83' lang='lat' dir='ltr'>del</span> <span class='ocrx_word' id='word_1_288' title='bbox 659 2298 716 2344; x_wconf 75' lang='lat' dir='ltr'>Py</span> <span class='ocrx_word' id='word_1_289' title='bbox 738 2297 743 2343; x_wconf 85' lang='grc' dir='ltr'>Ι</span> <span class='ocrx_word' id='word_1_290' title='bbox 766 2308 918 2342; x_wconf 91' lang='lat' dir='ltr'>ecquam</span> <span class='ocrx_word' id='word_1_291' title='bbox 941 2299 996 2334; x_wconf 82' lang='lat' dir='ltr'>vel</span> <span class='ocrx_word' id='word_1_292' title='bbox 1019 2297 1069 2332; x_wconf 91' lang='lat' dir='ltr'><strong>SI.</strong></span> <span class='ocrx_word' id='word_1_293' title='bbox 1095 2297 1257 2341; x_wconf 89' lang='lat' dir='ltr'>Ecquam</span> <span class='ocrx_word' id='word_1_294' title='bbox 1276 2298 1313 2341; x_wconf 82' lang='grc' dir='ltr'>ΙΙ</span> 
     </span>
    </p>
   </div>
  </div>
 </body>
</html>
