1598 2540
560 627 1010 678 PRAEFATIO

193 821 335 865 Notae
367 821 525 877 quibus
555 822 720 864 utimur
750 823 796 864 in
826 822 906 865 hac
938 823 1125 865 editione
1156 823 1237 866 hae
1269 825 1388 866 sunt:

197 880 202 939 Ι
236 882 291 923 ad
322 881 585 924 denotandos
615 881 760 924 hiatus
790 897 874 925 non
907 882 1137 939 legitimos.

193 941 224 997 †
255 941 309 983 ad
345 941 634 998 corruptelam
672 942 760 984 sive
797 941 1026 985 verborum
1067 943 1156 985 sive
1193 943 1322 985 metri
1354 943 1462 985 indi-

103 1001 292 1043 candam.

193 1077 214 1100 *
248 1060 301 1103 ad
331 1061 504 1102 lacunas
537 1061 767 1117 signandas
798 1060 901 1118 (nisi
933 1076 1075 1103 moras
1108 1061 1353 1105 deficientes
1383 1077 1462 1118 per

100 1148 124 1165 υ
156 1123 199 1162 et
228 1161 252 1165 ,
284 1119 591 1177 apposuimus).

193 1180 249 1236 []
288 1180 342 1221 ad
379 1180 578 1222 delendas
614 1180 782 1222 litteras
819 1180 1005 1235 syllabas
1042 1195 1169 1223 voces
1212 1195 1416 1236 personas
1426 1180 1460 1239 l)

101 1254 326 1295 perperam
356 1239 536 1282 traditas
567 1240 802 1282 maioresve
835 1241 1201 1296 interpolationes.

191 1297 247 1356 ()
279 1299 332 1341 ad
369 1299 647 1341 secludendos
684 1314 831 1341 versus
869 1315 921 1342 ex
960 1300 1254 1357 dittographia
1291 1301 1361 1343 vel
1397 1315 1459 1343 re-

100 1358 310 1401 tractione
341 1359 534 1401 scaenica
565 1362 693 1401 ortos.

191 1418 218 1473 <
233 1419 260 1474 >
293 1418 346 1460 ad
377 1418 669 1475 insigniendas
700 1418 867 1460 litteras
893 1419 1080 1474 syllabas
1106 1434 1231 1461 voces
1256 1433 1460 1475 personas

99 1480 250 1520 contra
281 1477 417 1520 libros
448 1479 678 1534 suppletas.

195 1543 239 1586 ᾗ
278 1537 332 1579 ad
368 1538 709 1580 adumbrandum
748 1537 991 1595 (personae)
1031 1539 1219 1594 spatium
1251 1539 1297 1581 in
1328 1539 1457 1582 libro-

97 1611 194 1639 rum
225 1597 448 1653 scriptura.

186 1656 230 1698 A
261 1656 419 1699 codicis
450 1657 646 1712 rescripti
671 1655 949 1699 Ambrosiani
981 1659 1214 1714 scripturas
1246 1656 1373 1716 (quas
1407 1658 1453 1700 in

97 1714 311 1758 Pseudolo
339 1714 552 1772 Goetzius,
584 1717 630 1758 in
660 1716 857 1759 Rudente
889 1720 932 1759 et
958 1716 1107 1760 Sticho
1135 1717 1375 1760 Schoellius
1401 1732 1453 1760 ex

95 1777 218 1830 parte
230 1774 499 1832 retractavit)
513 1776 670 1818 litteris
690 1777 946 1832 capitalibus
966 1778 1247 1834 exprimimus
1267 1778 1451 1833 adpunc-

97 1835 155 1876 tis
186 1834 300 1877 infra
330 1835 399 1877 vel
429 1835 632 1877 seiunctis
670 1836 988 1879 incertioribus:
1028 1838 1206 1879 alteram
1245 1837 1452 1879 recensio-

96 1908 194 1936 nem
222 1893 303 1951 (P)
335 1894 492 1936 litteris
524 1895 713 1950 antiquis
745 1896 1000 1951 apponimus
1033 1898 1266 1952 scripturas
1299 1897 1452 1938 discre-

95 1956 247 2009 pantes
277 1968 354 2009 per
383 1954 445 1996 vel
482 1953 761 2010 adiungentes
798 1956 1020 2011 rariusque
1053 1957 1246 2013 singulos
1285 1956 1451 1998 codices

97 2012 313 2070 (Palatino
322 2012 596 2055 -Vaticanum
624 2013 677 2065 Β,
708 2013 953 2057 Palatinum
978 2015 1262 2058 Decurtatum
1291 2015 1335 2071 C,
1366 2014 1450 2057 Va-

96 2073 286 2138 ticanum
317 2072 596 2115 Vrsinianum
628 2072 692 2130 D)
725 2078 1117 2118 commemorantes.

191 2202 221 2247 *)
246 2202 432 2238 Personae
458 2201 600 2236 cumin
626 2201 851 2246 quibusdam
875 2203 1015 2239 fabulis
1042 2206 1108 2239 aut
1133 2203 1261 2238 nullae
1281 2203 1445 2240 traditae

97 2248 174 2284 sint
199 2251 265 2284 aut
294 2249 489 2295 pauciores
519 2260 595 2284 non
628 2249 786 2285 eandem
810 2250 851 2284 in
882 2252 1055 2286 omnibus
1088 2251 1228 2285 fabulis
1261 2250 1445 2287 rationem

95 2296 301 2350 tenuimus,
338 2298 403 2332 sed
434 2297 683 2332 indicavimus
709 2297 775 2332 ubi
805 2298 991 2344 incipiunt
1027 2298 1170 2344 dialogi
1204 2299 1294 2343 quid
1327 2299 1445 2334 secuti

97 2354 221 2379 simus.

1183 2407 1233 2442 a*
