1598 2540
516 629 1098 684 ARGVMENTVM

129 849 233 891 Tres
263 850 394 890 finam
425 848 607 901 pereunt
638 845 929 887 adulescentes
960 843 1197 899 mulierem,

127 908 245 951 Rure
277 909 399 963 linus,
431 905 540 947 alter
571 905 689 959 urbe,
720 918 898 960 peregre
930 903 1100 945 tertius:

131 967 276 1023 thue
306 966 390 1008 ista
422 965 588 1021 ingenti
619 964 803 1006 mssitem
836 964 988 1020 tangat
1018 963 1132 1018 bolo,

132 1026 253 1070 Clam
284 1025 369 1068 sibi
400 1024 629 1080 supposuit
660 1023 924 1066 clandestino
954 1023 958 1077 Ι
987 1021 1162 1064 editum.

132 1086 187 1130 Vi
220 1085 376 1142 magna
407 1098 554 1126 seruos
586 1085 651 1125 est
683 1097 731 1125 ac
762 1082 958 1125 trucibus
988 1081 1193 1136 moribus,
1472 1091 1493 1121 5

133 1146 278 1202 Lupae
309 1145 355 1186 m'
385 1143 557 1199 rapiant
588 1143 750 1185 domini
782 1142 1107 1198 parsimoniam:

131 1205 191 1248 Et
221 1205 260 1247 ss
290 1207 436 1246 tamen
466 1201 672 1245 mollitur.
729 1202 852 1244 miles
883 1201 1059 1243 aduenit

133 1264 326 1320 Natique
358 1277 485 1305 causa
516 1262 588 1304 dat
619 1276 832 1317 propensa
862 1264 1051 1303 munera.

133 1324 382 1379 Tan<d>6m
413 1336 679 1377 compressae
710 1322 833 1376 pater
864 1320 1087 1377 cognoscit
1118 1319 1262 1361 6mm'a

132 1383 279 1439 thue
310 1382 431 1424 sslam
463 1381 591 1423 ducat
622 1380 700 1436 qui
728 1381 906 1422 uitiarat
936 1379 1139 1422 conuenit
1453 1388 1498 1420 10

139 1442 358 1498 Suomque
390 1442 427 1483 is
458 1441 616 1496 repetit
647 1441 672 1482 a
702 1440 925 1482 meretrice
957 1439 1190 1481 subditum.

233 1587 264 1618 1.
289 1583 449 1628 pereunt
472 1582 526 1618 vel
549 1582 688 1627 perunt
706 1583 718 1628 ΙΙ
737 1585 768 1617 5.
796 1580 844 1616 Vi
869 1582 924 1616 vel
948 1579 996 1615 Vl
1019 1580 1024 1625 Ι
1047 1581 1088 1615 at
1113 1578 1285 1614 crucibus
1315 1576 1497 1612 imoribus

136 1631 192 1667 vel
217 1629 428 1666 attrucibus
453 1628 619 1664 moribus
645 1631 657 1675 ΙΙ
686 1632 717 1665 6.
744 1629 819 1663 Lut
843 1629 911 1674 (vel
935 1628 982 1672 It)
1007 1627 1137 1673 poeni:
1163 1638 1245 1663 corr
1270 1625 1329 1671 Py
1351 1627 1356 1670 Ι
1377 1623 1498 1670 parsi-

135 1677 303 1714 moniam
326 1678 381 1713 vel
405 1676 636 1722 parsimonia
678 1678 690 1722 ΙΙ
735 1680 765 1712 7.
792 1675 842 1710 Et
866 1676 898 1710 is
923 1676 978 1711 vel
1001 1674 1093 1710 Edis
1137 1677 1149 1721 ΙΙ
1192 1678 1224 1711 8.
1250 1672 1417 1717 Natique
1443 1674 1499 1708 vel

135 1725 340 1772 Natimque
383 1726 396 1771 ΙΙ
439 1728 471 1760 9.
497 1724 639 1760 Tamen
681 1726 693 1770 ΙΙ
738 1727 792 1760 10.
819 1723 946 1760 litam:
973 1734 1054 1759 corr
1081 1722 1133 1759 C'a
1151 1725 1164 1769 ΙΙ
