1598 2540
557 617 1014 669 PRAEFATIO

198 827 340 871 Notae
372 826 529 882 quibus
560 825 724 867 utimur
755 824 799 865 in
830 823 910 866 hac
941 823 1128 865 editione
1161 823 1240 865 hae
1273 825 1392 865 sunt:

202 890 206 945 Ι
241 887 294 929 ad
325 885 588 928 denotandos
618 884 762 925 hiatus
792 897 879 925 non
911 883 1139 940 legitimos.

198 947 228 1002 †
259 946 312 988 ad
349 945 635 1000 corruptelam
675 944 762 985 sive
800 942 1029 985 verborum
1067 943 1156 984 sive
1193 942 1320 984 metri
1358 942 1467 983 indi—

109 1007 298 1049 eandam.

198 1083 219 1105 »ι
252 1065 305 1107 ad
335 1065 510 1106 lacunas
546 1062 774 1119 signandas
806 1060 907 1118 (nisi
939 1076 1082 1103 moras
1114 1061 1358 1103 deficientes
1389 1076 1466 1116 per

107 1154 132 1171 υ
162 1128 259 1170 et
290 1121 598 1180 apposuimus)

199 1184 248 1240 []
287 1184 340 1226 ad
381 1183 579 1225 delendas
618 1182 785 1223 litteras
825 1179 1012 1235 syllabas
1050 1194 1174 1222 voces
1213 1195 1418 1236 personas
1430 1178 1464 1237 1)

108 1259 332 1300 perperam
363 1243 543 1285 traditas
574 1242 810 1284 maioresve
842 1240 1206 1295 interpolationes

198 1302 247 1360 ()
285 1303 337 1345 ad
375 1301 652 1345 secludendos
689 1315 837 1342 versus
874 1313 926 1341 ex
964 1299 1258 1356 dittographia
1296 1299 1364 1341 vel
1401 1313 1469 1341 re-

108 1363 365 1406 tractatione
396 1362 587 1404 scaenica
619 1363 748 1402 ortos,

199 1426 224 1476 <
241 1425 266 1476 >
299 1422 353 1464 ad
382 1421 674 1478 insigniendas
705 1420 872 1461 litteras
897 1418 1084 1473 syllabas
1110 1433 1234 1460 voces
1260 1432 1467 1473 personas

109 1485 258 1525 contra
289 1481 424 1524 libros
455 1481 685 1536 suppletas.

205 1547 248 1590 10ss
275 1541 328 1583 ad
353 1540 693 1583 adumbrandum
714 1536 957 1595 (personae)
979 1538 1166 1593 spatium
1186 1538 1231 1579 in
1254 1537 1466 1579 librorum

109 1601 331 1656 scriptura.

197 1659 242 1702 A
277 1659 435 1702 codicis
478 1659 674 1713 rescripti
712 1657 988 1699 Ambrosiani
1031 1656 1265 1711 scripturas
1306 1656 1466 1698 litteris

109 1719 364 1775 capitalibus
408 1718 659 1760 exhibemus
703 1715 804 1775 (adp
806 1717 947 1758 unctis
992 1716 1105 1757 infra
1147 1716 1215 1757 vel
1260 1716 1466 1757 seiunctis

109 1777 448 1834 incertioribus):
490 1778 667 1819 alteram
704 1777 995 1819 recensionem
1034 1774 1119 1832 (P)
1158 1775 1317 1817 litteris
1355 1775 1463 1816 anti-

110 1838 207 1894 quis
244 1837 517 1894 adiungimus
553 1837 786 1892 scripturas
825 1835 1112 1890 discrepantes
1150 1849 1226 1889 per
1258 1835 1319 1877 vel
1350 1835 1462 1876 indi-

110 1900 254 1940 cantes
284 1897 507 1951 rariusque
539 1895 731 1960 singulos
763 1895 928 1937 codices
961 1893 1178 1950 (Palatino
1188 1893 1463 1935 Vaticanum

108 1957 163 2012 B,
186 1956 432 1998 Palatinum
451 1942 734 1997 Decurtatum
757 1954 800 2009 C,
819 1954 1078 1996 Vaticanum
1099 1953 1379 1995 Vrsinianum
1398 1951 1463 2010 D)

109 2018 502 2059 commemorantes

200 2074 434 2130 Scripturis
473 2089 497 2115 a
534 2076 737 2116 contextu
770 2071 1110 2126 discrepantibus
1141 2071 1210 2113 vel
1247 2071 1382 2127 signis
1419 2071 1464 2113 in

110 2138 314 2178 contextu
341 2134 393 2176 ad
418 2133 699 2175 mutationem
727 2132 996 2174 indicandam
1022 2130 1228 2172 adhibitis
1253 2130 1328 2172 ubi
1353 2130 1465 2172 nihil

208 2289 241 2331 1)
272 2286 326 2321 De
357 2297 424 2332 per
405 2285 525 2321 rsonis
557 2284 692 2330 respici
695 2296 736 2319 as
768 2294 864 2328 quae
897 2284 946 2318 ad
976 2283 1039 2318 Tri
1008 2295 1235 2318 nnummum
1261 2283 1464 2318 Truculen-

110 2336 266 2379 tumque
291 2334 554 2369 adnotavimus
582 2333 647 2367 ubi
672 2331 858 2377 incipiunt
885 2331 1039 2376 dialogi.

1202 2391 1248 2425 a&
