1598 2540
8 50 15 75 ³
68 68 104 107 n
123 74 156 116 e,
177 73 318 106 34-55
339 44 403 118 ᾐΑ]
660 69 855 106 RVDENS
1340 70 1425 111 113

124 166 213 209 LA.
251 156 365 218 Quin
407 170 455 210 tu
492 166 593 210 hine
637 168 697 210 eis
735 182 759 209 a
795 182 864 210 me
901 167 947 209 in
983 167 1229 209 maxumam
1266 167 1424 209 malam

1137 227 1335 270 erucem?

129 285 218 328 GH.
250 286 354 328 Eas:
387 301 541 342 easque
573 288 640 329 res
672 286 852 343 agebam
884 286 1168 329 commodum.

126 345 215 388 LA.
247 346 384 402 Eheu,
416 346 512 402 quis
543 346 656 388 uiuit
686 347 755 388 me
786 346 981 388 mortalis
1012 345 1240 388 miserior?
1355 357 1424 388 520

129 404 217 448 CH.
250 405 346 463 Ego
378 406 515 448 multo
547 408 668 448 tanto
700 405 898 448 miserior
929 421 1057 461 quam
1089 408 1149 461 tu,
1183 405 1366 447 Labrax.

125 464 214 508 LA.
247 465 361 516 Qui?
431 464 519 508 GH.
552 465 662 516 Qusa
693 480 772 522 ego
805 465 1007 522 indignus
1039 468 1152 520 sum,
1190 467 1238 535 tu
1270 465 1426 522 dignus

1167 540 1213 566 u1
1244 539 1338 566 sles.

125 583 214 626 LA.
237 582 284 626 Ὀ
317 583 467 640 sofipe,
499 585 648 640 soirpe,
680 584 806 626 laudo
839 584 1035 626 fortunas
1067 540 1174 640 1311αὲ,

126 642 211 694 Qui
242 645 410 699 semper
441 658 585 685 seruas
616 644 799 701 gloriam
832 644 1070 686 aritudinis.

124 702 275 758 (GH.)
306 702 520 758 Equidem
551 718 619 746 me
651 704 705 745 ad
734 703 1030 746 uelitationem
1063 704 1255 745 exerceo:
1349 714 1419 746 525

124 762 240 805 Nam
272 762 416 804 omm'a
447 777 622 805 corusca
653 765 754 818 prae
786 766 971 805 tremore
1003 763 1184 805 fabulor.

127 821 215 864 LA.
246 821 426 878 Edepol,
457 822 670 878 Neptune,
702 837 746 864 es
777 822 1018 865 balineator
1049 821 1250 879 frigidus:

127 880 235 923 Cum
266 882 536 924 uestimentis
566 883 795 937 postquam
827 897 902 938 aps
934 885 976 924 te
1008 882 1108 937 abii,
1140 882 1274 938 algeo.

124 940 192 984 Ne
225 940 548 997 thermipolium
581 942 754 996 quidem
785 942 922 983 uHum
951 942 955 997 Ι
983 941 1179 983 instruit:

124 999 192 1042 Ita
223 1001 378 1042 salsam
409 1001 634 1056 praehibet
663 1002 883 1056 potionem
916 1003 959 1043 et
989 1001 1203 1057 frigidam.
1355 1012 1425 1044 530

125 1059 275 1115 <GH.>
306 1059 367 1102 Vt
397 1061 606 1102 fortunati
637 1063 738 1103 sunt
768 1061 880 1102 fabri
911 1061 1092 1116 ferrarii,

124 1118 208 1169 Qui
239 1119 353 1175 aplid
382 1119 587 1162 carbones
617 1120 826 1162 adsident:
858 1121 1025 1176 semper
1049 1120 1199 1162 calent.

126 1178 215 1221 LA.
246 1179 425 1221 Vtinam
457 1180 630 1222 fortuna
660 1183 774 1222 mine
806 1180 977 1222 anetina
1005 1180 1010 1235 Ι
1038 1182 1192 1235 uterer,

125 1237 229 1294 †Vt‚
261 1253 392 1294 quom
424 1239 604 1281 exissem
637 1254 689 1281 ex
721 1254 842 1295 aqua,
875 1241 1037 1281 arerem
1069 1242 1223 1281 tamen.

129 1296 218 1340 CH.
272 1297 401 1354 Quid,
450 1299 487 1340 si
527 1299 673 1354 aliquo
719 1299 773 1340 ad
803 1299 926 1341 ludos
974 1299 1044 1341 me
1093 1313 1172 1355 pro
1216 1299 1426 1341 manduco

373 1384 377 1387 ,
1141 1358 1308 1400 locem?
1358 1370 1426 1402 535

124 1415 212 1459 LA.
246 1415 544 1472 Quapropter?
608 1416 696 1460 CH.
736 1417 845 1468 Quia
884 1418 959 1473 pol
990 1418 1102 1460 clare
1134 1418 1296 1474 crepito
1330 1418 1426 1460 den-

1139 1477 1268 1519 tibus.

125 1534 248 1578 †Iure
280 1538 460 1591 optumo
491 1550 560 1578 me
591 1536 747 1579 lauisse
778 1536 978 1579 arbitror.

125 1593 214 1637 LA.
259 1594 372 1646 Qui?
453 1594 541 1637 CH.
587 1595 674 1647 Qui
711 1597 715 1652 Ι
757 1596 955 1638 auderem
999 1597 1142 1638 tecum
1186 1597 1232 1638 in
1272 1611 1426 1639 nauem

1142 1656 1379 1712 ascendere,

128 1711 212 1763 Qui
244 1728 268 1754 a
298 1713 577 1757 fundamento
608 1715 669 1757 mi
700 1717 835 1771 lisque
866 1715 1050 1758 mouisti
1077 1716 1224 1758 mare?

165 1844 364 1878 519—523.
387 1854 472 1888 pers
501 1843 606 1879 habet
631 1844 670 1878 D
725 1845 737 1889 ΙΙ
789 1847 868 1879 519.
897 1852 1107 1886 EASEASQ:
1142 1844 1218 1879 Das
1253 1855 1390 1889 easque
1415 1847 1427 1891 15

69 1891 149 1924 520.
183 1887 354 1924 miserior
386 1891 453 1935 (sic
476 1890 526 1934 A)
557 1891 612 1926 vel
648 1890 837 1926 miseri-ior
884 1893 895 1937 Η
946 1894 1026 1927 521.
1061 1893 1171 1926 tanta
1203 1893 1326 1937 (etiam
1357 1893 1425 1937 A):

66 1947 150 1972 corr
173 1935 210 1971 B
253 1937 264 1981 ΙΙ
307 1939 387 1972 524.
419 1936 580 1982 gloriam
611 1937 812 1973 aritudinis
846 1939 911 1983 (sic
936 1938 985 1984 A)
1010 1940 1065 1974 vel
1098 1938 1220 1984 gloria
1247 1939 1426 1974 amaritu-

67 1982 168 2018 dinis
187 1985 199 2029 ΙΙ
219 1987 298 2020 525.
312 1985 388 2020 add
403 1985 454 2020 Ca
476 1986 481 2031 Ι
502 1985 867 2020 meatuelitationem
879 1988 951 2032 (me
972 1987 1013 2021 at
1031 1985 1254 2021 uelitatione
1274 1989 1417 2023 membr.

74 2031 219 2077 Turn.):
239 2041 659 2068 MEADUELITATONEM
678 2034 690 2078 ΙΙ
710 2036 789 2069 526.
803 2042 1136 2069 PRAETEREMORE
1155 2035 1166 2079 ΙΙ
1186 2037 1265 2070 527.
1281 2034 1354 2070 CH.
1369 2035 1430 2071 D:

68 2089 152 2115 corr
177 2078 230 2114 Ca
252 2079 256 2126 Ι
278 2088 555 2116 BALINEATOB:
582 2079 781 2116 balneator
817 2082 828 2126 ΙΙ
860 2084 940 2116 528.
967 2090 1078 2122 Quom
1100 2081 1104 2128 Ι
1127 2090 1268 2117 APSTE:
1295 2081 1362 2117 abs
1388 2084 1426 2118 te

70 2126 126 2163 vel
150 2127 212 2165 ate
235 2128 240 2172 Ι
261 2136 366 2162 Anu:
393 2126 457 2162 abi
488 2128 500 2172 ΙΙ
531 2131 610 2162 529.
637 2137 965 2164 THERMIPOLIUM:
991 2128 1283 2174 thermopolium
1307 2131 1319 2176 Η
1345 2133 1424 2167 530.

70 2181 322 2210 mmmmm:
343 2174 504 2220 ‚praebet
527 2176 539 2220 ΙΙ
565 2178 643 2210 531.
671 2176 746 2211 add
772 2175 823 2211 Ca
843 2177 854 2221 ΙΙ
882 2179 948 2210 533
963 2187 1017 2220 sq.
1042 2176 1116 2211 LA.
1143 2176 1183 2211 D
1205 2177 1211 2222 Ι
1232 2186 1426 2222 Annum-A:

69 2220 226 2256 anetina
247 2223 252 2266 Ι
274 2221 464 2257 fortunam
489 2233 587 2257 1111110
613 2222 810 2258 anutinam
837 2225 960 2258 terent
986 2234 1070 2258 011111
1097 2225 1144 2269 (et
1169 2235 1268 2269 aqua
1292 2227 1425 2271 rerem)

71 2267 221 2304 Nonius
239 2270 251 2315 ΙΙ
270 2273 338 2305 535
353 2281 406 2314 sq.
434 2269 561 2314 aliquo
587 2275 620 2306 et
645 2269 735 2314 quia
760 2281 816 2306 om
841 2272 984 2306 Paulus
1002 2272 1014 2317 ΙΙ
1034 2275 1113 2306 537.
1140 2273 1192 2307 sic
1218 2274 1328 2309 etiam
1352 2273 1389 2308 A
1413 2274 1426 2321 Η

71 2317 155 2352 538.
181 2325 464 2358 QfflUDEREM:
490 2316 579 2362 quia
606 2318 782 2353 auderem
801 2319 812 2363 ΙΙ
832 2322 910 2354 539.
938 2328 1001 2354 MI:
1029 2317 1123 2353 mihi
1142 2320 1153 2365 [Ι

143 2382 263 2409 mevn
283 2383 474 2410 cononum
495 2384 538 2410 VI
1189 2382 1210 2413 8
